@article{Lum2018Labeling,
    title = {{ Stability of Residual Oxides in Oxide‐Derived Copper Catalysts for Electrochemical CO 2 Reduction Investigated with 18 O Labeling }},
    year = {2018},
    journal = {Angewandte Chemie},
    author = {Lum, Yanwei and Ager, Joel W.},
    number = {2},
    month = {1},
    pages = {560--563},
    volume = {130},
    publisher = {Wiley},
    url = {https://onlinelibrary.wiley.com/doi/full/10.1002/anie.201710590 https://onlinelibrary.wiley.com/doi/abs/10.1002/anie.201710590 https://onlinelibrary.wiley.com/doi/10.1002/anie.201710590},
    doi = {10.1002/ANGE.201710590},
    issn = {0044-8249},
    keywords = {CO2 reduction, copper oxides, electrocatalysis, isotope labeling, oxide stability}
}

@article{Fernandez2021InvitedVector,
    title = {{(Invited) Economic Considerations for Low-Temperature Electrochemical Ammonia Production: Ammonia As a Green Energy Vector}},
    year = {2021},
    journal = {ECS Meeting Abstracts},
    author = {Fernandez, Carlos Arturo and Varanasi, Sai and Hatzell, Marta},
    number = {53},
    month = {10},
    pages = {1536},
    volume = {MA2021-02},
    publisher = {IOP Publishing},
    url = {https://iopscience.iop.org/article/10.1149/MA2021-02531536mtgabs https://iopscience.iop.org/article/10.1149/MA2021-02531536mtgabs/meta},
    doi = {10.1149/MA2021-02531536MTGABS},
    issn = {2151-2043}
}

@article{Bargiacchi2019APathways,
    title = {{A comparative assessment of Power-to-Fuel production pathways}},
    year = {2019},
    journal = {Energy},
    author = {Bargiacchi, Eleonora and Antonelli, Marco and Desideri, Umberto},
    month = {9},
    pages = {1253--1265},
    volume = {183},
    publisher = {Pergamon},
    doi = {10.1016/J.ENERGY.2019.06.149},
    issn = {0360-5442},
    keywords = {Ammonia, Bosch-Meiser, Electrofuels, Haber-Bosch, Hydrogen, Methane, Methanol, Sabatier reaction, Urea}
}

@article{Priya2022AWater,
    title = {{A comprehensive review on technological advances of adsorption for removing nitrate and phosphate from waste water}},
    year = {2022},
    journal = {Journal of Water Process Engineering},
    author = {Priya, E. and Kumar, Surendra and Verma, Chhavi and Sarkar, Sudipta and Maji, Pradip K.},
    month = {10},
    pages = {103159},
    volume = {49},
    publisher = {Elsevier},
    doi = {10.1016/J.JWPE.2022.103159},
    issn = {2214-7144},
    keywords = {Adsorption, Co-sorbents, Nitrate, Phosphate, Sorption capacity, Water purification}
}

@article{Yuan2022AFilm,
    title = {{A facile and efficient nitrite electrochemical sensor based on N, O co-doped porous graphene film}},
    year = {2022},
    journal = {Microchemical Journal},
    author = {Yuan, Xiaoming and Chen, Jianyue and Ling, Yunhan and Yu, Shaoqiu and Li, Shilin and Wu, Xiuwen and Zhang, Zhengjun},
    month = {7},
    pages = {107361},
    volume = {178},
    publisher = {Elsevier},
    doi = {10.1016/J.MICROC.2022.107361},
    issn = {0026-265X},
    keywords = {Electrochemical sensor, Graphene, Laser engraving, Nitrite}
}

@article{Chen2020ASamples,
    title = {{A highly selective chromogenic probe for the detection of nitrite in food samples}},
    year = {2020},
    journal = {Food Chemistry},
    author = {Chen, Yinyin and Zhao, Chenxi and Yue, Guizhou and Yang, Zhouping and Wang, Yanying and Rao, Hanbing and Zhang, Wei and Jin, Bo and Wang, Xianxiang},
    month = {7},
    pages = {126361},
    volume = {317},
    publisher = {Elsevier},
    doi = {10.1016/J.FOODCHEM.2020.126361},
    issn = {0308-8146},
    pmid = {32070846},
    keywords = {Colorimetric method, Detection, Glucosamine hydrochloride, Nitrite}
}

@article{Sun2021AProduction,
    title = {{A hybrid plasma electrocatalytic process for sustainable ammonia production}},
    year = {2021},
    journal = {Energy {\&} Environmental Science},
    author = {Sun, Jing and Alam, David and Daiyan, Rahman and Masood, Hassan and Zhang, Tianqi and Zhou, Renwu and Cullen, Patrick J. and Lovell, Emma C. and Jalili, Ali (Rouhollah) and Amal, Rose},
    number = {2},
    month = {2},
    pages = {865--872},
    volume = {14},
    publisher = {Royal Society of Chemistry},
    url = {https://pubs.rsc.org/en/content/articlehtml/2021/ee/d0ee03769a https://pubs.rsc.org/en/content/articlelanding/2021/ee/d0ee03769a http://xlink.rsc.org/?DOI=D0EE03769A},
    doi = {10.1039/D0EE03769A},
    issn = {1754-5692}
}

@article{Rao2016ANitrite,
    title = {{A novel electrochemical sensor based on gold nanorods and Nafion-modified GCE for the electrocatalytic oxidation of nitrite}},
    year = {2016},
    journal = {Journal of the Iranian Chemical Society},
    author = {Rao, Dejiang and Zhang, Jian and Zheng, Jianbin},
    number = {12},
    month = {12},
    pages = {2257--2266},
    volume = {13},
    publisher = {Springer Verlag},
    url = {https://link.springer.com/article/10.1007/s13738-016-0944-5},
    doi = {10.1007/S13738-016-0944-5/TABLES/2},
    issn = {17352428},
    keywords = {Electrocatalysis, Electrochemical sensor, Gold nanorods, Nitrite, Seed-mediated protocol}
}

@article{Li2022ANitrites,
    title = {{A novel electrochemical sensor based on nitrite-oxidizing bacteria for highly specific and sensitive detection of nitrites}},
    year = {2022},
    journal = {Science of The Total Environment},
    author = {Li, Xiaoyun and Yang, Xu and Cui, Mengyao and Liu, Yiliang and Wang, Jingting and Zhang, Lixia and Zhan, Guoqiang},
    month = {6},
    pages = {154178},
    volume = {826},
    publisher = {Elsevier},
    doi = {10.1016/J.SCITOTENV.2022.154178},
    issn = {0048-9697},
    pmid = {35240169},
    keywords = {Biofilm sensor, Electrochemical, Nitrite detection, Nitrite-oxidizing bacteria}
}

@article{Wang2020ANitrite,
    title = {{A novel electrochemical sensor based on TiO2–Ti3C2TX/CTAB/chitosan composite for the detection of nitrite}},
    year = {2020},
    journal = {Electrochimica Acta},
    author = {Wang, Xue and Li, Mengjia and Yang, Shuang and Shan, Jiajia},
    month = {11},
    pages = {136938},
    volume = {359},
    publisher = {Pergamon},
    doi = {10.1016/J.ELECTACTA.2020.136938},
    issn = {0013-4686},
    keywords = {Electrochemical sensor, MXene, Nitrite, Two-step calcination}
}

@article{Toth2020APressure,
    title = {{A Plasma-Water Droplet Reactor for Process-Intensified, Continuous Nitrogen Fixation at Atmospheric Pressure}},
    year = {2020},
    journal = {ACS Sustainable Chemistry and Engineering},
    author = {Toth, Joseph R. and Abuyazid, Nabiel H. and Lacks, Daniel J. and Renner, Julie N. and Sankaran, R. Mohan},
    number = {39},
    month = {10},
    pages = {14845--14854},
    volume = {8},
    publisher = {American Chemical Society},
    url = {https://pubs.acs.org/doi/full/10.1021/acssuschemeng.0c04432},
    doi = {10.1021/ACSSUSCHEMENG.0C04432/SUPPL{\_}FILE/SC0C04432{\_}SI{\_}001.PDF},
    issn = {21680485},
    keywords = {Aerosol, Ammonia, Droplet, Haber-Bosch, Nitrate, Nonequilibrium, Plasma}
}

@article{Singh2019ASamples,
    title = {{A review on spectroscopic methods for determination of nitrite and nitrate in environmental samples}},
    year = {2019},
    journal = {Talanta},
    author = {Singh, Priyanka and Singh, Manish Kumar and Beg, Younus Raza and Nishad, Gokul Ram},
    month = {1},
    pages = {364--381},
    volume = {191},
    publisher = {Elsevier},
    doi = {10.1016/J.TALANTA.2018.08.028},
    issn = {0039-9140},
    pmid = {30262072},
    keywords = {Chemiluminescence, Nitrate, Review, Spectrophotometric detection, Spectroscopy}
}

@article{Peng2018ATechnologies,
    title = {{A review on the non-thermal plasma-assisted ammonia synthesis technologies}},
    year = {2018},
    journal = {Journal of Cleaner Production},
    author = {Peng, Peng and Chen, Paul and Schiappacasse, Charles and Zhou, Nan and Anderson, Erik and Chen, Dongjie and Liu, Juer and Cheng, Yanling and Hatzenbeller, Raymond and Addy, Min and Zhang, Yaning and Liu, Yuhuan and Ruan, Roger},
    month = {3},
    pages = {597--609},
    volume = {177},
    publisher = {Elsevier},
    doi = {10.1016/J.JCLEPRO.2017.12.229},
    issn = {0959-6526},
    keywords = {Ammonia synthesis, Clean fuel and fertilizer, Low temperature and pressure synthesis, Sustainable ammonia production}
}

@article{Andersen2019AMeasurements,
    title = {{A rigorous electrochemical ammonia synthesis protocol with quantitative isotope measurements}},
    year = {2019},
    journal = {Nature 2019 570:7762},
    author = {Andersen, Suzanne Z. and {\v{C}}oli{\'{c}}, Viktor and Yang, Sungeun and Schwalbe, Jay A. and Nielander, Adam C. and McEnaney, Joshua M. and Enemark-Rasmussen, Kasper and Baker, Jon G. and Singh, Aayush R. and Rohr, Brian A. and Statt, Michael J. and Blair, Sarah J. and Mezzavilla, Stefano and Kibsgaard, Jakob and Vesborg, Peter C.K. and Cargnello, Matteo and Bent, Stacey F. and Jaramillo, Thomas F. and Stephens, Ifan E.L. and N{\o}rskov, Jens K. and Chorkendorff, Ib},
    number = {7762},
    month = {5},
    pages = {504--508},
    volume = {570},
    publisher = {Nature Publishing Group},
    url = {https://www.nature.com/articles/s41586-019-1260-x},
    doi = {10.1038/s41586-019-1260-x},
    issn = {1476-4687},
    pmid = {31117118},
    keywords = {Electrocatalysis}
}

@article{Li2021AAmmonia,
    title = {{A robust metal-free electrocatalyst for nitrate reduction reaction to synthesize ammonia}},
    year = {2021},
    journal = {Materials Today Physics},
    author = {Li, Y. and Xiao, S. and Li, X. and Chang, C. and Xie, M. and Xu, J. and Yang, Z.},
    month = {7},
    pages = {100431},
    volume = {19},
    publisher = {Elsevier},
    doi = {10.1016/J.MTPHYS.2021.100431},
    issn = {2542-5293},
    keywords = {Electro-reduction of nitrate, Electro-synthesis of ammonia, Fluorine doped carbon, Metal-free electrocatalyst}
}

@article{Murfin2020AWater,
    title = {{A simple, azulene-based colorimetric probe for the detection of nitrite in water}},
    year = {2020},
    journal = {Frontiers of Chemical Science and Engineering},
    author = {Murfin, Lloyd C. and L{\'{o}}pez-Alled, Carlos M. and Sedgwick, Adam C. and Wenk, Jannis and James, Tony D. and Lewis, Simon E.},
    number = {1},
    month = {2},
    pages = {90--96},
    volume = {14},
    publisher = {Springer},
    url = {https://link.springer.com/article/10.1007/s11705-019-1790-7 http://link.springer.com/10.1007/s11705-019-1790-7},
    doi = {10.1007/s11705-019-1790-7},
    issn = {2095-0179},
    keywords = {Industrial Chemistry/Chemical Engineering, Nanotechnology, nitrite}
}

@article{Zhao2022AAmmonia,
    title = {{A TiO2−x nanobelt array with oxygen vacancies: an efficient electrocatalyst toward nitrite conversion to ammonia}},
    year = {2022},
    journal = {Chemical Communications},
    author = {Zhao, Donglin and Liang, Jie and Li, Jun and Zhang, Longcheng and Dong, Kai and Yue, Luchao and Luo, Yongsong and Ren, Yuchun and Liu, Qian and Hamdy, Mohamed S. and Li, Quan and Kong, Qingquan and Sun, Xuping},
    number = {22},
    month = {3},
    pages = {3669--3672},
    volume = {58},
    publisher = {The Royal Society of Chemistry},
    url = {https://pubs.rsc.org/en/content/articlehtml/2022/cc/d2cc00856d https://pubs.rsc.org/en/content/articlelanding/2022/cc/d2cc00856d},
    doi = {10.1039/D2CC00856D},
    issn = {1364-548X},
    pmid = {35224596}
}

@article{Liu2019ActivityMetals,
    title = {{Activity and Selectivity Trends in Electrocatalytic Nitrate Reduction on Transition Metals}},
    year = {2019},
    journal = {ACS Catalysis},
    author = {Liu, Jin Xun and Richards, Danielle and Singh, Nirala and Goldsmith, Bryan R.},
    number = {8},
    month = {8},
    pages = {7052--7064},
    volume = {9},
    publisher = {American Chemical Society},
    url = {https://pubs.acs.org/doi/full/10.1021/acscatal.9b02179},
    doi = {10.1021/ACSCATAL.9B02179/ASSET/IMAGES/MEDIUM/CS-2019-02179Z{\_}M009.GIF},
    issn = {21555435},
    keywords = {DFT modeling, electrocatalysis, microkinetic simulation, volcano curve, water remediation}
}

@article{Tokazhanov2020AdvancesReview,
    title = {{Advances in the catalytic reduction of nitrate by metallic catalysts for high efficiency and N2 selectivity: A review}},
    year = {2020},
    journal = {Chemical Engineering Journal},
    author = {Tokazhanov, Galym and Ramazanova, Elmira and Hamid, Shanawar and Bae, Sungjun and Lee, Woojin},
    month = {3},
    pages = {123252},
    volume = {384},
    publisher = {Elsevier},
    doi = {10.1016/J.CEJ.2019.123252},
    issn = {1385-8947},
    keywords = {Metallic catalyst, Nitrate removal, Promoter and noble metals, Selectivity, Stability and durability, Support material}
}

@article{Tokazhanov2020AdvancesReviewb,
    title = {{Advances in the catalytic reduction of nitrate by metallic catalysts for high efficiency and N2 selectivity: A review}},
    year = {2020},
    journal = {Chemical Engineering Journal},
    author = {Tokazhanov, Galym and Ramazanova, Elmira and Hamid, Shanawar and Bae, Sungjun and Lee, Woojin},
    month = {3},
    pages = {123252},
    volume = {384},
    publisher = {Elsevier},
    doi = {10.1016/J.CEJ.2019.123252},
    issn = {1385-8947},
    keywords = {Metallic catalyst, Nitrate removal, Promoter and noble metals, Selectivity, Stability and durability, Support material}
}

@article{Tokazhanov2020AdvancesReviewc,
    title = {{Advances in the catalytic reduction of nitrate by metallic catalysts for high efficiency and N2 selectivity: A review}},
    year = {2020},
    journal = {Chemical Engineering Journal},
    author = {Tokazhanov, Galym and Ramazanova, Elmira and Hamid, Shanawar and Bae, Sungjun and Lee, Woojin},
    month = {3},
    pages = {123252},
    volume = {384},
    publisher = {Elsevier},
    doi = {10.1016/J.CEJ.2019.123252},
    issn = {1385-8947},
    keywords = {Metallic catalyst, Nitrate removal, Promoter and noble metals, Selectivity, Stability and durability, Support material}
}

@article{Fu2020AlternativeNanosheets,
    title = {{Alternative route for electrochemical ammonia synthesis by reduction of nitrate on copper nanosheets}},
    year = {2020},
    journal = {Applied Materials Today},
    author = {Fu, Xianbiao and Zhao, Xingang and Hu, Xiaobing and He, Kun and Yu, Yanan and Li, Tao and Tu, Qing and Qian, Xin and Yue, Qin and Wasielewski, Michael R. and Kang, Yijin},
    month = {6},
    pages = {100620},
    volume = {19},
    publisher = {Elsevier},
    doi = {10.1016/J.APMT.2020.100620},
    issn = {2352-9407},
    keywords = {Copper nanocubes, Copper nanosheets, Electroreduction of nitrate, Electrosynthesis ammonia, Two dimensional material}
}

@article{Fu2020AlternativeNanosheetsb,
    title = {{Alternative route for electrochemical ammonia synthesis by reduction of nitrate on copper nanosheets}},
    year = {2020},
    journal = {Applied Materials Today},
    author = {Fu, Xianbiao and Zhao, Xingang and Hu, Xiaobing and He, Kun and Yu, Yanan and Li, Tao and Tu, Qing and Qian, Xin and Yue, Qin and Wasielewski, Michael R. and Kang, Yijin},
    month = {6},
    pages = {100620},
    volume = {19},
    publisher = {Elsevier},
    doi = {10.1016/J.APMT.2020.100620},
    issn = {2352-9407},
    keywords = {Copper nanocubes, Copper nanosheets, Electroreduction of nitrate, Electrosynthesis ammonia, Two dimensional material}
}

@article{Wen2021AmbientNanoarray,
    title = {{Ambient ammonia production via electrocatalytic nitrite reduction catalyzed by a CoP nanoarray}},
    year = {2021},
    journal = {Nano Research 2021 15:2},
    author = {Wen, Guilai and Liang, Jie and Liu, Qian and Li, Tingshuai and An, Xuguang and Zhang, Fang and Alshehri, Abdulmohsen Ali and Alzahrani, Khalid Ahmed and Luo, Yonglan and Kong, Qingquan and Sun, Xuping},
    number = {2},
    month = {6},
    pages = {972--977},
    volume = {15},
    publisher = {Springer},
    url = {https://link.springer.com/article/10.1007/s12274-021-3583-9},
    doi = {10.1007/S12274-021-3583-9},
    issn = {1998-0000},
    keywords = {Atomic/Molecular Structure and Spectra, Biomedicine, Biotechnology, Condensed Matter Physics, Materials Science, Nanotechnology, general}
}

@article{He2023AmbientArray,
    title = {{Ambient ammonia synthesis via nitrite electroreduction over NiS2 nanoparticles-decorated TiO2 nanoribbon array}},
    year = {2023},
    journal = {Journal of Colloid and Interface Science},
    author = {He, Xun and Hu, Long and Xie, Lisi and Li, Zerong and Chen, Jie and Li, Xiuhong and Li, Jun and Zhang, Longcheng and Fang, Xiaodong and Zheng, Dongdong and Sun, Shengjun and Zhang, Jing and Ali Alshehri, Abdulmohsen and Luo, Yongsong and Liu, Qian and Wang, Yan and Sun, Xuping},
    month = {3},
    pages = {86--92},
    volume = {634},
    publisher = {Academic Press},
    doi = {10.1016/J.JCIS.2022.12.042},
    issn = {0021-9797},
    pmid = {36535172},
    keywords = {Ambient NH3 synthesis, Electrocatalysis, Electrochemical NO2− reduction, NiS2@TiO2 nanoarray}
}

@article{He2022AmbientSheets,
    title = {{Ambient Electroreduction of Nitrite to Ammonia over Ni Nanoparticle Supported on Molasses-Derived Carbon Sheets}},
    year = {2022},
    journal = {ACS Applied Nano Materials},
    author = {He, Xun and Li, Xiuhong and Fan, Xiaoya and Li, Jun and Zhao, Donglin and Zhang, Longcheng and Sun, Shengjun and Luo, Yongsong and Zheng, Dongdong and Xie, Lisi and Asiri, Abdullah M. and Liu, Qian and Sun, Xuping},
    number = {10},
    month = {10},
    pages = {14246--14250},
    volume = {5},
    publisher = {American Chemical Society},
    url = {https://pubs.acs.org/doi/full/10.1021/acsanm.2c03720},
    doi = {10.1021/ACSANM.2C03720/ASSET/IMAGES/LARGE/AN2C03720{\_}0004.JPEG},
    issn = {25740970},
    keywords = {NH3synthesis, Ni nanoparticle, electrocatalysis, electrochemical nitrite reduction, molasses-derived carbon}
}

@article{Geng2023AmbientDual-Sites,
    title = {{Ambient Electrosynthesis of Urea with Nitrate and Carbon Dioxide over Iron-Based Dual-Sites}},
    year = {2023},
    journal = {Angewandte Chemie International Edition},
    author = {Geng, Jing and Sihan, Ji + and Jin, Meng and Zhang, Chao and Xu, Min and Wang, Guozhong and Liang, Changhao and Zhang, Haimin},
    number = {6},
    month = {2},
    pages = {e202210958},
    volume = {62},
    publisher = {John Wiley {\&} Sons, Ltd},
    url = {https://onlinelibrary.wiley.com/doi/full/10.1002/anie.202210958 https://onlinelibrary.wiley.com/doi/abs/10.1002/anie.202210958 https://onlinelibrary.wiley.com/doi/10.1002/anie.202210958},
    doi = {10.1002/ANIE.202210958},
    issn = {1521-3773},
    keywords = {Amorphous Fe Nanoparticles, C−N Coupling Reaction, Dual Active Sites, Fe3O4 Nanoparticles, Urea}
}

@article{Roose2015AminesAliphatic,
    title = {{Amines, Aliphatic}},
    year = {2015},
    journal = {Ullmann's Encyclopedia of Industrial Chemistry},
    author = {Roose, Peter and Eller, Karsten and Henkes, Erhard and Rossbacher, Roland and H{\"{o}}ke, Hartmut},
    month = {9},
    pages = {1--55},
    publisher = {John Wiley {\&} Sons, Ltd},
    url = {https://onlinelibrary.wiley.com/doi/full/10.1002/14356007.a02_001.pub2 https://onlinelibrary.wiley.com/doi/abs/10.1002/14356007.a02_001.pub2 https://onlinelibrary.wiley.com/doi/10.1002/14356007.a02_001.pub2},
    doi = {10.1002/14356007.A02{\_}001.PUB2},
    issn = {1435-6007}
}

@article{Lim2021Ammonia2050,
    title = {{Ammonia and Nitric Acid Demands for Fertilizer Use in 2050}},
    year = {2021},
    journal = {ACS Energy Letters},
    author = {Lim, Jeonghoon and Fern{\'{a}}ndez, Carlos A. and Lee, Seung Woo and Hatzell, Marta C.},
    number = {10},
    month = {10},
    pages = {3676--3685},
    volume = {6},
    publisher = {American Chemical Society},
    url = {https://pubs.acs.org/doi/full/10.1021/acsenergylett.1c01614},
    doi = {10.1021/ACSENERGYLETT.1C01614/ASSET/IMAGES/LARGE/NZ1C01614{\_}0005.JPEG},
    issn = {23808195}
}

@article{Zhao2019AmmoniaRates,
    title = {{Ammonia Detection Methods in Photocatalytic and Electrocatalytic Experiments: How to Improve the Reliability of NH3 Production Rates?}},
    year = {2019},
    journal = {Advanced Science},
    author = {Zhao, Yunxuan and Shi, Run and Bian, Xuanang and Zhou, Chao and Zhao, Yufei and Zhang, Shuai and Wu, Fan and N Waterhouse, Geoffrey I and Wu, Li-Zhu and Tung, Chen-Ho and Zhang, Tierui and Zhao, Y X and Shi, R and Bian, X A and Zhou, C and Zhao, Y F and Zhang, S and Wu, F and Wu, L-z and Tung, C-h and Zhang, T R and N Waterhouse, G I},
    number = {8},
    month = {4},
    pages = {1802109},
    volume = {6},
    publisher = {John Wiley {\&} Sons, Ltd},
    url = {https://onlinelibrary.wiley.com/doi/full/10.1002/advs.201802109 https://onlinelibrary.wiley.com/doi/abs/10.1002/advs.201802109 https://onlinelibrary.wiley.com/doi/10.1002/advs.201802109},
    doi = {10.1002/ADVS.201802109},
    issn = {2198-3844},
    keywords = {ammonia, detection, electrocatalysis, photocatalysis}
}

@article{Anastasiadou2022AmmoniaNitrate,
    title = {{Ammonia electrocatalytic synthesis from nitrate}},
    year = {2022},
    journal = {Electrochemical Science Advances},
    author = {Anastasiadou, Dimitra and Beek, Yvette van and Hensen, Emiel J. M. and Figueiredo, Marta Costa},
    month = {5},
    pages = {e2100220},
    publisher = {John Wiley {\&} Sons, Ltd},
    url = {https://onlinelibrary.wiley.com/doi/full/10.1002/elsa.202100220 https://onlinelibrary.wiley.com/doi/abs/10.1002/elsa.202100220 https://chemistry-europe.onlinelibrary.wiley.com/doi/10.1002/elsa.202100220},
    doi = {10.1002/ELSA.202100220},
    issn = {2698-5977},
    keywords = {Ammonia, catalytic activity, electrocatalyst, electrochemical reduction, mechanism, nitrate, reaction pathway}
}

@article{Hu2022AmorphousAmmonia,
    title = {{Amorphous CoB nanoarray as a high-efficiency electrocatalyst for nitrite reduction to ammonia}},
    year = {2022},
    journal = {Inorganic Chemistry Frontiers},
    author = {Hu, Long and Zhao, Donglin and Liu, Chengchen and Liang, Yimei and Zheng, Dongdong and Sun, Shengjun and Li, Quan and Liu, Qian and Luo, Yonglan and Liao, Yunwen and Xie, Lisi and Sun, Xuping},
    number = {23},
    month = {11},
    pages = {6075--6079},
    volume = {9},
    publisher = {The Royal Society of Chemistry},
    url = {https://pubs.rsc.org/en/content/articlehtml/2022/qi/d2qi01363k https://pubs.rsc.org/en/content/articlelanding/2022/qi/d2qi01363k},
    doi = {10.1039/D2QI01363K},
    issn = {2052-1553}
}

@article{Gruber2008AnCycle,
    title = {{An Earth-system perspective of the global nitrogen cycle}},
    year = {2008},
    journal = {Nature 2008 451:7176},
    author = {Gruber, Nicolas and Galloway, James N.},
    number = {7176},
    month = {1},
    pages = {293--296},
    volume = {451},
    publisher = {Nature Publishing Group},
    url = {https://www.nature.com/articles/nature06592},
    doi = {10.1038/nature06592},
    issn = {1476-4687},
    pmid = {18202647},
    keywords = {Humanities and Social Sciences, Science, multidisciplinary}
}

@article{InformationAdminstration-DepartmentOfEnergy2011Annual2012,
    title = {{Annual Energy Review 2011 - Released September 2012}},
    year = {2011},
    author = {Information Adminstration - Department Of Energy, Energy US},
    url = {http://www.eia.gov/totalenergy/data/monthly},
    keywords = {Iran, Iraq, Middle East, Saudi Arabia, coal, consumption, electricity, environment, financial, international, international energy, natural gas, oil, petroluem, prices, resources}
}

@article{Chen2011Aqueous-phaseCatalysts,
    title = {{Aqueous-phase hydrodeoxygenation of carboxylic acids to alcohols or alkanes over supported Ru catalysts}},
    year = {2011},
    journal = {Journal of Molecular Catalysis A: Chemical},
    author = {Chen, Lungang and Zhu, Yulei and Zheng, Hongyan and Zhang, Chenghua and Zhang, Bin and Li, Yongwang},
    month = {12},
    pages = {217--227},
    volume = {351},
    publisher = {Elsevier},
    doi = {10.1016/J.MOLCATA.2011.10.015},
    issn = {1381-1169},
    keywords = {C-C cleavage, Carboxylic acid, Decarbonylation, Hydrodeoxygenation, Ru}
}

@article{Medford2014AssessingRates,
    title = {{Assessing the reliability of calculated catalytic ammonia synthesis rates}},
    year = {2014},
    journal = {Science},
    author = {Medford, Andrew J. and Wellendorff, Jess and Vojvodic, Aleksandra and Studt, Felix and Abild-Pedersen, Frank and Jacobsen, Karsten W. and Bligaard, Thomas and N{\o}rskov, Jens K.},
    number = {6193},
    month = {7},
    pages = {197--200},
    volume = {345},
    publisher = {American Association for the Advancement of Science},
    url = {https://www.science.org/doi/abs/10.1126/science.1253486},
    doi = {10.1126/SCIENCE.1253486/SUPPL{\_}FILE/MEDFORD.SM.PDF},
    issn = {10959203}
}

@article{Peng2016AtmosphericCatalysis,
    title = {{Atmospheric Pressure Ammonia Synthesis Using Non-thermal Plasma Assisted Catalysis}},
    year = {2016},
    journal = {Plasma Chemistry and Plasma Processing},
    author = {Peng, Peng and Li, Yun and Cheng, Yanling and Deng, Shaobo and Chen, Paul and Ruan, Roger},
    number = {5},
    month = {9},
    pages = {1201--1210},
    volume = {36},
    publisher = {Springer New York LLC},
    url = {https://link.springer.com/article/10.1007/s11090-016-9713-6},
    doi = {10.1007/S11090-016-9713-6/TABLES/1},
    issn = {02724324},
    keywords = {Atmospheric pressure, Catalytic ammonia synthesis, Low temperature, Non-thermal plasma}
}

@article{Xu2021AtomicTransformation,
    title = {{Atomic defects in pothole-rich two-dimensional copper nanoplates triggering enhanced electrocatalytic selective nitrate-to-ammonia transformation}},
    year = {2021},
    journal = {Journal of Materials Chemistry A},
    author = {Xu, You and Wang, Mingzhen and Ren, Kaili and Ren, Tianlun and Liu, Mengying and Wang, Ziqiang and Li, Xiaonian and Wang, Liang and Wang, Hongjing},
    number = {30},
    month = {8},
    pages = {16411--16417},
    volume = {9},
    publisher = {Royal Society of Chemistry},
    url = {https://pubs.rsc.org/en/content/articlehtml/2021/ta/d1ta04743d https://pubs.rsc.org/en/content/articlelanding/2021/ta/d1ta04743d},
    doi = {10.1039/D1TA04743D},
    issn = {20507496}
}

@article{Xu2022AtomicallyNitrate,
    title = {{Atomically Dispersed Cu Sites on Dual-Mesoporous N-Doped Carbon for Efficient Ammonia Electrosynthesis from Nitrate}},
    year = {2022},
    journal = {ChemSusChem},
    author = {Xu, Mengqiu and Xie, Qifan and Duan, Delong and Zhang, Ye and Zhou, Yuhu and Zhou, Haiqiao and Li, Xiaoyu and Wang, Yao and Gao, Peng and Ye, Wei},
    number = {11},
    month = {6},
    pages = {e202200231},
    volume = {15},
    publisher = {John Wiley {\&} Sons, Ltd},
    url = {https://onlinelibrary.wiley.com/doi/full/10.1002/cssc.202200231 https://onlinelibrary.wiley.com/doi/abs/10.1002/cssc.202200231 https://chemistry-europe.onlinelibrary.wiley.com/doi/full/10.1002/cssc.202200231?saml_referrer=},
    doi = {10.1002/CSSC.202200231},
    issn = {1864-564X},
    keywords = {ammonia, atom catalysts, copper, electrocatalysis, reduction, single}
}

@article{Liu2022AuCuNitrite,
    title = {{AuCu nanofibers for electrosynthesis of urea from carbon dioxide and nitrite}},
    year = {2022},
    journal = {Cell Reports Physical Science},
    author = {Liu, Songliang and Yin, Shuli and Wang, Ziqiang and Xu, You and Li, Xiaonian and Wang, Liang and Wang, Hongjing},
    number = {5},
    month = {5},
    pages = {100869},
    volume = {3},
    publisher = {Cell Press},
    doi = {10.1016/J.XCRP.2022.100869},
    issn = {2666-3864},
    keywords = {AuCu nanofibers, carbon dioxide reduction reaction, electrocatalysis, nitrite reduction, urea synthesis}
}

@article{Jolley1989AugerPolysaccharide,
    title = {{Auger electron and X-ray photoelectron spectroscopic study of the biocorrosion of copper by alginic acid polysaccharide}},
    year = {1989},
    journal = {Applied Surface Science},
    author = {Jolley, John G. and Geesey, Gill G. and Hankins, Michael R. and Wright, Randy B. and Wichlacz, Paul L.},
    number = {4},
    month = {8},
    pages = {469--480},
    volume = {37},
    publisher = {North-Holland},
    doi = {10.1016/0169-4332(89)90505-9},
    issn = {0169-4332}
}

@article{Griess1879BemerkungenAzoverbindungen,
    title = {{Bemerkungen zu der Abhandlung der HH. Weselsky und Benedikt „Ueber einige Azoverbindungen”︁}},
    year = {1879},
    journal = {Berichte der deutschen chemischen Gesellschaft},
    author = {Griess, Peter},
    number = {1},
    month = {1},
    pages = {426--428},
    volume = {12},
    publisher = {John Wiley {\&} Sons, Ltd},
    url = {https://onlinelibrary.wiley.com/doi/full/10.1002/cber.187901201117 https://onlinelibrary.wiley.com/doi/abs/10.1002/cber.187901201117 https://chemistry-europe.onlinelibrary.wiley.com/doi/10.1002/cber.187901201117},
    doi = {10.1002/CBER.187901201117},
    issn = {1099-0682}
}

@article{McCrory2015BenchmarkingDevices,
    title = {{Benchmarking Hydrogen Evolving Reaction and Oxygen Evolving Reaction Electrocatalysts for Solar Water Splitting Devices}},
    year = {2015},
    journal = {Journal of the American Chemical Society},
    author = {McCrory, Charles C.L. and Jung, Suho and Ferrer, Ivonne M. and Chatman, Shawn M. and Peters, Jonas C. and Jaramillo, Thomas F.},
    number = {13},
    pages = {4347--4357},
    volume = {137},
    doi = {10.1021/ja510442p},
    issn = {15205126},
    pmid = {25668483}
}

@article{Wang2021BoostingNanoflakes,
    title = {{Boosting NH3 production from nitrate electroreduction via electronic structure engineering of Fe3C nanoflakes}},
    year = {2021},
    journal = {Green Chemistry},
    author = {Wang, Yuanyuan and Zhang, Linlin and Niu, Yongjian and Fang, Dong and Wang, Jiao and Su, Qingxiao and Wang, Cheng},
    number = {19},
    month = {10},
    pages = {7594--7608},
    volume = {23},
    publisher = {The Royal Society of Chemistry},
    url = {https://pubs.rsc.org/en/content/articlehtml/2021/gc/d1gc01913a https://pubs.rsc.org/en/content/articlelanding/2021/gc/d1gc01913a},
    doi = {10.1039/D1GC01913A},
    issn = {1463-9270}
}

@article{Wan2022BoostingVacancies,
    title = {{Boosting nitrate electroreduction to ammonia on NbO x via constructing oxygen vacancies}},
    year = {2022},
    journal = {Green Chemistry},
    author = {Wan, Xuefei and Guo, Weiwei and Dong, Xue and Wu, Haihong and Sun, Xiaofu and Chu, Mengen and Han, Shitao and Zhai, Jianxin and Xia, Wei and Jia, Shuaiqiang and He, Mingyuan and Han, Buxing},
    number = {3},
    month = {2},
    pages = {1090--1095},
    volume = {24},
    publisher = {Royal Society of Chemistry},
    url = {https://pubs.rsc.org/en/content/articlehtml/2022/gc/d1gc04483d https://pubs.rsc.org/en/content/articlelanding/2022/gc/d1gc04483d},
    isbn = {11/14/20221:5},
    doi = {10.1039/D1GC04483D},
    issn = {14639270}
}

@article{Jia2020BoostingTiO2,
    title = {{Boosting Selective Nitrate Electroreduction to Ammonium by Constructing Oxygen Vacancies in TiO2}},
    year = {2020},
    journal = {ACS Catalysis},
    author = {Jia, Ranran and Wang, Yuting and Wang, Changhong and Ling, Yangfang and Yu, Yifu and Zhang, Bin},
    number = {6},
    month = {3},
    pages = {3533--3540},
    volume = {10},
    publisher = {American Chemical Society},
    url = {https://pubs.acs.org/doi/full/10.1021/acscatal.9b05260},
    doi = {10.1021/ACSCATAL.9B05260/ASSET/IMAGES/LARGE/CS9B05260{\_}0006.JPEG},
    issn = {21555435},
    keywords = {ammonium, electrocatalysis, nitrate, oxygen vacancies, selective}
}

@article{Ni2021Boron-ironNitrate,
    title = {{Boron-iron nanochains for selective electrocatalytic reduction of nitrate}},
    year = {2021},
    journal = {Chinese Chemical Letters},
    author = {Ni, Fanfan and Ma, Yuanyuan and Chen, Junliang and Luo, Wei and Yang, Jianping},
    number = {6},
    month = {6},
    pages = {2073--2078},
    volume = {32},
    publisher = {Elsevier},
    doi = {10.1016/J.CCLET.2021.03.042},
    issn = {1001-8417},
    keywords = {Boron doping, Electrocatalysis, Nanostructured iron, Nitrate reduction reaction}
}

@article{Wang2021CanProcesses,
    title = {{Can sustainable ammonia synthesis pathways compete with fossil-fuel based Haber–Bosch processes?}},
    year = {2021},
    journal = {Energy {\&} Environmental Science},
    author = {Wang, Miao and Khan, Mohd A. and Mohsin, Imtinan and Wicks, Joshua and Ip, Alexander H. and Sumon, Kazi Z. and Dinh, Cao Thang and Sargent, Edward H. and Gates, Ian D. and Kibria, Md Golam},
    number = {5},
    month = {5},
    pages = {2535--2548},
    volume = {14},
    publisher = {Royal Society of Chemistry},
    url = {https://pubs.rsc.org/en/content/articlehtml/2021/ee/d0ee03808c https://pubs.rsc.org/en/content/articlelanding/2021/ee/d0ee03808c},
    doi = {10.1039/D0EE03808C},
    issn = {17545706}
}

@article{Wang2021CanProcessesb,
    title = {{Can sustainable ammonia synthesis pathways compete with fossil-fuel based Haber–Bosch processes?}},
    year = {2021},
    journal = {Energy {\&} Environmental Science},
    author = {Wang, Miao and Khan, Mohd A. and Mohsin, Imtinan and Wicks, Joshua and Ip, Alexander H. and Sumon, Kazi Z. and Dinh, Cao Thang and Sargent, Edward H. and Gates, Ian D. and Kibria, Md Golam},
    number = {5},
    month = {5},
    pages = {2535--2548},
    volume = {14},
    publisher = {Royal Society of Chemistry},
    url = {https://pubs.rsc.org/en/content/articlehtml/2021/ee/d0ee03808c https://pubs.rsc.org/en/content/articlelanding/2021/ee/d0ee03808c},
    doi = {10.1039/D0EE03808C},
    issn = {17545706}
}

@article{Tembo2021CapillaryPlants,
    title = {{Capillary electrophoretic method for the simultaneous determination of nitrate, nitrite and bromate ions in some selected plants}},
    year = {2021},
    journal = {Journal of the Science of Food and Agriculture},
    author = {Tembo, Zebron Nchimunya and Aygun, Seker Fatma},
    number = {13},
    month = {10},
    pages = {5391--5397},
    volume = {101},
    publisher = {John Wiley {\&} Sons, Ltd},
    url = {https://onlinelibrary.wiley.com/doi/full/10.1002/jsfa.11187 https://onlinelibrary.wiley.com/doi/abs/10.1002/jsfa.11187 https://onlinelibrary.wiley.com/doi/10.1002/jsfa.11187},
    doi = {10.1002/JSFA.11187},
    issn = {1097-0010},
    pmid = {33644869},
    keywords = {bromate, capillary zone electrophoresis, nitrate, nitrite, plants}
}

@article{Liu2022CarbonCO2,
    title = {{Carbon nanotubes with fluorine-rich surface as metal-free electrocatalyst for effective synthesis of urea from nitrate and CO2}},
    year = {2022},
    journal = {Applied Catalysis B: Environmental},
    author = {Liu, Xiaowen and Kumar, Priyank Vijaya and Chen, Qing and Zhao, Linjie and Ye, Fenghui and Ma, Xinyue and Liu, Dong and Chen, Xiaochun and Dai, Liming and Hu, Chuangang},
    month = {11},
    pages = {121618},
    volume = {316},
    publisher = {Elsevier},
    doi = {10.1016/J.APCATB.2022.121618},
    issn = {0926-3373},
    keywords = {C-N coupling reaction, Electrocatalytic synthesis of urea, Fluorine-rich surface, High yield rate, Metal-free catalyst}
}

@article{Mehta2019CatalysisReview,
    title = {{Catalysis Enabled by Plasma Activation of Strong Chemical Bonds: A Review}},
    year = {2019},
    journal = {ACS Energy Letters},
    author = {Mehta, Prateek and Barboun, Patrick and Go, David B. and Hicks, Jason C. and Schneider, William F.},
    number = {5},
    month = {5},
    pages = {1115--1133},
    volume = {4},
    publisher = {American Chemical Society},
    url = {https://pubs.acs.org/doi/full/10.1021/acsenergylett.9b00263},
    doi = {10.1021/ACSENERGYLETT.9B00263},
    issn = {23808195}
}

@article{Hawtof2019Catalyst-freeSystem,
    title = {{Catalyst-free, highly selective synthesis of ammonia from nitrogen and water by a plasma electrolytic system}},
    year = {2019},
    journal = {Science Advances},
    author = {Hawtof, Ryan and Ghosh, Souvik and Guarr, Evan and Xu, Cheyan and Mohan Sankaran, R. and Renner, Julie Nicole},
    number = {1},
    month = {1},
    pages = {5778--5789},
    volume = {5},
    publisher = {Chemical Publishing Co.},
    url = {https://www.science.org/doi/abs/10.1126/sciadv.aat5778 https://www.science.org/doi/10.1126/sciadv.aat5778},
    doi = {10.1126/sciadv.aat5778},
    issn = {2375-2548},
    pmid = {30746439}
}

@article{Hamid2015CatalyticSystem,
    title = {{Catalytic Nitrate Removal in Continuous Bimetallic Cu-Pd/Nanoscale Zerovalent Iron System}},
    year = {2015},
    journal = {Industrial and Engineering Chemistry Research},
    author = {Hamid, Shanawar and Bae, Sungjun and Lee, Woojin and Amin, Muhammad Tahir and Alazba, Abdulrahman Ali},
    number = {24},
    month = {6},
    pages = {6247--6257},
    volume = {54},
    publisher = {American Chemical Society},
    url = {https://pubs.acs.org/doi/full/10.1021/acs.iecr.5b01127},
    doi = {10.1021/ACS.IECR.5B01127/SUPPL{\_}FILE/IE5B01127{\_}SI{\_}001.PDF},
    issn = {15205045}
}

@article{BalbaudCathodicC,
    title = {{Cathodic Reactions Involved in Corrosion Processes Occurring in Concentrated Nitric Acid at 100 {${}^\circ$}C}},
    author = {Balbaud, Fanny and Sanchez, Gérard and Santarini, Gérard and Picard, Gérard},
    doi = {10.1002/(SICI)1099-0682(200004)2000:4}
}

@article{Li2012COFilms,
    title = {{CO 2 reduction at low overpotential on Cu electrodes resulting from the reduction of thick Cu 2O films}},
    year = {2012},
    journal = {Journal of the American Chemical Society},
    author = {Li, Christina W. and Kanan, Matthew W.},
    number = {17},
    month = {5},
    pages = {7231--7234},
    volume = {134},
    publisher = {American Chemical Society},
    url = {https://pubs.acs.org/doi/abs/10.1021/ja3010978},
    doi = {10.1021/JA3010978/SUPPL{\_}FILE/JA3010978{\_}SI{\_}001.PDF},
    issn = {00027863}
}

@article{Guo2018CobaltAmmonium,
    title = {{Cobalt Metallopeptide Electrocatalyst for the Selective Reduction of Nitrite to Ammonium}},
    year = {2018},
    journal = {Journal of the American Chemical Society},
    author = {Guo, Yixing and Stroka, Jesse R. and Kandemir, Banu and Dickerson, Claire E. and Bren, Kara L.},
    number = {49},
    month = {12},
    pages = {16888--16892},
    volume = {140},
    publisher = {American Chemical Society},
    url = {https://pubs.acs.org/doi/full/10.1021/jacs.8b09612},
    doi = {10.1021/JACS.8B09612/ASSET/IMAGES/LARGE/JA-2018-09612X{\_}0005.JPEG},
    issn = {15205126},
    pmid = {30457856}
}

@article{Govindasamy2022ColloidalWater,
    title = {{Colloidal synthesis of perovskite-type lanthanum aluminate incorporated graphene oxide composites: Electrochemical detection of nitrite in meat extract and drinking water}},
    year = {2022},
    journal = {Microchimica Acta},
    author = {Govindasamy, Mani and Wang, Sea Fue and Huang, Chi Hsien and Alshgari, Razan A. and Ouladsmane, Mohamed},
    number = {5},
    month = {5},
    pages = {1--11},
    volume = {189},
    publisher = {Springer},
    url = {https://link.springer.com/article/10.1007/s00604-022-05296-4},
    doi = {10.1007/S00604-022-05296-4/TABLES/2},
    issn = {14365073},
    pmid = {35503583},
    keywords = {Electrocatalysts, Graphene oxide sheets, Lanthanum aluminates, Nitrite determination, Perovskite composites, Water analysis}
}

@article{Yang2013CombiningElectrodes,
    title = {{Combining voltammetry and ion chromatography: Application to the selective reduction of nitrate on Pt and PtSn electrodes}},
    year = {2013},
    journal = {Analytical Chemistry},
    author = {Yang, Jian and Kwon, Youngkook and Duca, Matteo and Koper, Marc T.M.},
    number = {16},
    month = {8},
    pages = {7645--7649},
    volume = {85},
    publisher = {American Chemical Society},
    url = {https://pubs.acs.org/doi/full/10.1021/ac401571w},
    doi = {10.1021/AC401571W/SUPPL{\_}FILE/AC401571W{\_}SI{\_}001.PDF},
    issn = {00032700}
}

@article{Wang2021ComparingAlloys,
    title = {{Comparing electrocatalytic and thermocatalytic conversion of nitrate on platinum–ruthenium alloys}},
    year = {2021},
    journal = {Catalysis Science {\&} Technology},
    author = {Wang, Zixuan and Ortiz, Evan M. and Goldsmith, Bryan R. and Singh, Nirala},
    number = {21},
    month = {11},
    pages = {7098--7109},
    volume = {11},
    publisher = {Royal Society of Chemistry},
    url = {https://pubs.rsc.org/en/content/articlehtml/2021/cy/d1cy01075a https://pubs.rsc.org/en/content/articlelanding/2021/cy/d1cy01075a},
    doi = {10.1039/D1CY01075A},
    issn = {20444761}
}

@article{Kuang2018ComparisonNitrate,
    title = {{Comparison of performance between boron-doped diamond and copper electrodes for selective nitrogen gas formation by the electrochemical reduction of nitrate}},
    year = {2018},
    journal = {Chemosphere},
    author = {Kuang, Peijing and Natsui, Keisuke and Einaga, Yasuaki},
    month = {11},
    pages = {524--530},
    volume = {210},
    publisher = {Pergamon},
    doi = {10.1016/J.CHEMOSPHERE.2018.07.039},
    issn = {0045-6535},
    pmid = {30029144},
    keywords = {Boron-doped diamond, Electrochemical reduction of nitrate, Faradaic efficiency, Potential, Selective nitrogen gas formation}
}

@article{Kani2020CompetingConditions,
    title = {{Competing effects of pH, cation identity, H2O saturation, and N2 concentration on the activity and selectivity of electrochemical reduction of N2 to NH3 on electrodeposited Cu at ambient conditions}},
    year = {2020},
    journal = {ACS Catalysis},
    author = {Kani, Nishithan C. and Prajapati, Aditya and Collins, Brianna A. and Goodpaster, Jason D. and Singh, Meenesh R.},
    number = {24},
    month = {12},
    pages = {14592--14603},
    volume = {10},
    publisher = {American Chemical Society},
    url = {https://pubs.acs.org/doi/full/10.1021/acscatal.0c04864},
    doi = {10.1021/ACSCATAL.0C04864/SUPPL{\_}FILE/CS0C04864{\_}SI{\_}002.PDF},
    issn = {21555435},
    keywords = {Density functional theory, Electrochemical N2 reduction, Electrolyte effects, Gas-diffusion electrode, Renewable ammonia synthesis}
}

@article{Lawson2018CompleteEcosystems,
    title = {{Complete ammonia oxidation: an important control on nitrification in engineered ecosystems?}},
    year = {2018},
    journal = {Current Opinion in Biotechnology},
    author = {Lawson, Christopher E. and L{\"{u}}cker, Sebastian},
    month = {4},
    pages = {158--165},
    volume = {50},
    publisher = {Elsevier Current Trends},
    doi = {10.1016/J.COPBIO.2018.01.015},
    issn = {0958-1669},
    pmid = {29414055}
}

@article{VanKessel2015CompleteMicroorganism,
    title = {{Complete nitrification by a single microorganism}},
    year = {2015},
    journal = {Nature 2015 528:7583},
    author = {Van Kessel, Maartje A.H.J. and Speth, Daan R. and Albertsen, Mads and Nielsen, Per H. and Op Den Camp, Huub J.M. and Kartal, Boran and Jetten, Mike S.M. and L{\"{u}}cker, Sebastian},
    number = {7583},
    month = {11},
    pages = {555--559},
    volume = {528},
    publisher = {Nature Publishing Group},
    url = {https://www.nature.com/articles/nature16459},
    doi = {10.1038/nature16459},
    issn = {1476-4687},
    pmid = {26610025},
    keywords = {Bacterial physiology, Metagenomics, Soil microbiology, Water microbiology}
}

@article{Daims2015CompleteBacteria,
    title = {{Complete nitrification by Nitrospira bacteria}},
    year = {2015},
    journal = {Nature 2015 528:7583},
    author = {Daims, Holger and Lebedeva, Elena V. and Pjevac, Petra and Han, Ping and Herbold, Craig and Albertsen, Mads and Jehmlich, Nico and Palatinszky, Marton and Vierheilig, Julia and Bulaev, Alexandr and Kirkegaard, Rasmus H. and Von Bergen, Martin and Rattei, Thomas and Bendinger, Bernd and Nielsen, Per H. and Wagner, Michael},
    number = {7583},
    month = {11},
    pages = {504--509},
    volume = {528},
    publisher = {Nature Publishing Group},
    url = {https://www.nature.com/articles/nature16461},
    doi = {10.1038/nature16461},
    issn = {1476-4687},
    pmid = {26610024},
    keywords = {Biogeochemistry, Environmental microbiology}
}

@article{Ren2021Concave-convexConversion,
    title = {{Concave-convex surface oxide layers over copper nanowires boost electrochemical nitrate-to-ammonia conversion}},
    year = {2021},
    journal = {Chemical Engineering Journal},
    author = {Ren, Tianlun and Ren, Kaili and Wang, Mingzhen and Liu, Mengying and Wang, Ziqiang and Wang, Hongjing and Li, Xiaonian and Wang, Liang and Xu, You},
    month = {12},
    pages = {130759},
    volume = {426},
    publisher = {Elsevier},
    doi = {10.1016/J.CEJ.2021.130759},
    issn = {1385-8947},
    keywords = {Ammonium synthesis, Cu nanowires, Electrocatalysis, Nitrate reduction reaction, Selectivity}
}

@article{Li2022ConstructionElectrocatalysis,
    title = {{Construction of C–N bonds from small-molecule precursors through heterogeneous electrocatalysis}},
    year = {2022},
    journal = {Nature Reviews Chemistry 2022 6:5},
    author = {Li, Junnan and Zhang, Yuxuan and Kuruvinashetti, Kiran and Kornienko, Nikolay},
    number = {5},
    month = {4},
    pages = {303--319},
    volume = {6},
    publisher = {Nature Publishing Group},
    url = {https://www.nature.com/articles/s41570-022-00379-5},
    doi = {10.1038/s41570-022-00379-5},
    issn = {2397-3358},
    keywords = {Electrocatalysis, Energy, Sustainability}
}

@article{Jiang2022CrystallineNitrate,
    title = {{Crystalline Modulation Engineering of Ru Nanoclusters for Boosting Ammonia Electrosynthesis from Dinitrogen or Nitrate}},
    year = {2022},
    journal = {ACS Applied Materials and Interfaces},
    author = {Jiang, Minghang and Tao, Anyang and Hu, Yi and Wang, Lei and Zhang, Kaiqiang and Song, Xinmei and Yan, Wen and Tie, Zuoxiu and Jin, Zhong},
    number = {15},
    month = {4},
    pages = {17470--17478},
    volume = {14},
    publisher = {American Chemical Society},
    url = {https://pubs.acs.org/doi/full/10.1021/acsami.2c02048},
    doi = {10.1021/ACSAMI.2C02048/ASSET/IMAGES/LARGE/AM2C02048{\_}0005.JPEG},
    issn = {19448252},
    pmid = {35394763},
    keywords = {carbon nanotubes, chelated co-reduction method, crystalline modulation engineering, nitrate reduction reaction, nitrogen reduction reaction, ultrafine amorphous Ru nanoclusters}
}

@article{Li2020CuNH3,
    title = {{Cu xIr1- xNanoalloy Catalysts Achieve near 100{\%} Selectivity for Aqueous Nitrite Reduction to NH3}},
    year = {2020},
    journal = {ACS Catalysis},
    author = {Li, Hao and Yan, Chenxu and Guo, Hongyu and Shin, Kihyun and Humphrey, Simon M. and Werth, Charles J. and Henkelman, Graeme},
    number = {14},
    month = {7},
    pages = {7915--7921},
    volume = {10},
    publisher = {American Chemical Society},
    url = {https://pubs.acs.org/doi/full/10.1021/acscatal.0c01604},
    doi = {10.1021/ACSCATAL.0C01604/ASSET/IMAGES/LARGE/CS0C01604{\_}0004.JPEG},
    issn = {21555435},
    keywords = {Cu-Ir alloy, ammonia selectivity, density functional theory, iridium, nanoparticles, nitrite reduction}
}

@article{Xu2020DendriticReaction,
    title = {{Dendritic Cell-Inspired Designed Architectures toward Highly Efficient Electrocatalysts for Nitrate Reduction Reaction}},
    year = {2020},
    journal = {Small},
    author = {Xu, Hui and Wu, Jing and Luo, Wei and Li, Qin and Zhang, Weixian and Yang, Jianping},
    number = {30},
    month = {7},
    pages = {2001775},
    volume = {16},
    publisher = {John Wiley {\&} Sons, Ltd},
    url = {https://onlinelibrary.wiley.com/doi/full/10.1002/smll.202001775 https://onlinelibrary.wiley.com/doi/abs/10.1002/smll.202001775 https://onlinelibrary.wiley.com/doi/10.1002/smll.202001775},
    doi = {10.1002/SMLL.202001775},
    issn = {1613-6829},
    pmid = {32583581},
    keywords = {CuPd nanoparticles, dendritic cell structure, electrocatalysis, mesoporous carbon, nitrate reduction reaction}
}

@article{Shi2020DenitrificationPerspective,
    title = {{Denitrification during composting: Biochemistry, implication and perspective}},
    year = {2020},
    journal = {International Biodeterioration {\&} Biodegradation},
    author = {Shi, Mingzi and Zhao, Yue and Zhu, Longji and Song, Xinyu and Tang, Yu and Qi, Haishi and Cao, Hongjie and Wei, Zimin},
    month = {9},
    pages = {105043},
    volume = {153},
    publisher = {Elsevier},
    doi = {10.1016/J.IBIOD.2020.105043},
    issn = {0964-8305},
    keywords = {Composting, Denitrification, Microbes, Nitrogen cycle}
}

@article{Humphreys2021DevelopmentProcess,
    title = {{Development and Recent Progress on Ammonia Synthesis Catalysts for Haber–Bosch Process}},
    year = {2021},
    journal = {Advanced Energy and Sustainability Research},
    author = {Humphreys, John and Lan, Rong and Tao, Shanwen},
    number = {1},
    month = {1},
    pages = {2000043},
    volume = {2},
    publisher = {Wiley},
    url = {https://onlinelibrary.wiley.com/doi/full/10.1002/aesr.202000043 https://onlinelibrary.wiley.com/doi/abs/10.1002/aesr.202000043 https://onlinelibrary.wiley.com/doi/10.1002/aesr.202000043},
    doi = {10.1002/AESR.202000043},
    issn = {2699-9412},
    keywords = {Bosch process, Haber, catalysts, green ammonia, oxygenate tolerance}
}

@article{Chun2022DFTSurfaces,
    title = {{DFT Insights into NO Electrochemical Reduction: A Case Study of Pt(211) and Cu(211) Surfaces}},
    year = {2022},
    journal = {ACS Catalysis},
    author = {Chun, Hee Joon and Zeng, Zhenhua and Greeley, Jeffrey},
    number = {2},
    month = {1},
    pages = {1394--1402},
    volume = {12},
    publisher = {American Chemical Society},
    url = {https://pubs.acs.org/doi/full/10.1021/acscatal.1c04493},
    doi = {10.1021/ACSCATAL.1C04493/ASSET/IMAGES/LARGE/CS1C04493{\_}0008.JPEG},
    issn = {21555435},
    keywords = {Cu(211), NO dimer, NO electrochemical reduction, Pt(211), density functional theory, electrocatalysis, surface coverage}
}

@article{SCHMID1961DieOrdnung,
    title = {{Die autokatalytische Natur der kathodischen Reduktion von Salpeters{\"{a}}ure zu salpetriger S{\"{a}}ure: III Mathematische Behandlung einer autokatalytischen Elektrodenreaktion 1. Ordnung}},
    year = {1961},
    journal = {Zeitschrift f{\"{u}}r Elektrochemie, Berichte der Bunsengesellschaft f{\"{u}}r physikalische Chemie},
    author = {S C H M I D, Gerhard},
    number = {6},
    month = {8},
    pages = {531--534},
    volume = {65},
    publisher = {John Wiley {\&} Sons, Ltd},
    url = {https://onlinelibrary.wiley.com/doi/full/10.1002/bbpc.19610650608 https://onlinelibrary.wiley.com/doi/abs/10.1002/bbpc.19610650608 https://onlinelibrary.wiley.com/doi/10.1002/bbpc.19610650608},
    doi = {10.1002/BBPC.19610650608},
    issn = {0005-9021}
}

@article{Duca2010DirectMedia,
    title = {{Direct reduction of nitrite to N2 on a Pt(100) electrode in alkaline media}},
    year = {2010},
    journal = {Journal of the American Chemical Society},
    author = {Duca, Matteo and Cucarella, Mar Oroval and Rodriguez, Paramaconi and Koper, Marc T.M.},
    number = {51},
    month = {12},
    pages = {18042--18044},
    volume = {132},
    publisher = { American Chemical Society},
    url = {https://pubs.acs.org/doi/full/10.1021/ja1092503},
    doi = {10.1021/JA1092503/SUPPL{\_}FILE/JA1092503{\_}SI{\_}001.PDF},
    issn = {00027863}
}

@article{Hu2019DopingElectrocatalysis,
    title = {{Doping of Carbon Materials for Metal-Free Electrocatalysis}},
    year = {2019},
    journal = {Advanced Materials},
    author = {Hu, Chuangang and Dai, Liming and Hu, C and Dai, L},
    number = {7},
    month = {2},
    pages = {1804672},
    volume = {31},
    publisher = {John Wiley {\&} Sons, Ltd},
    url = {https://onlinelibrary.wiley.com/doi/full/10.1002/adma.201804672 https://onlinelibrary.wiley.com/doi/abs/10.1002/adma.201804672 https://onlinelibrary.wiley.com/doi/10.1002/adma.201804672},
    doi = {10.1002/ADMA.201804672},
    issn = {1521-4095},
    pmid = {30566275},
    keywords = {carbon nanomaterials, doping, electrocatalysis, free catalysts, metal}
}

@article{Fajardo2021Earth-abundantNitrate,
    title = {{Earth-abundant elements a sustainable solution for electrocatalytic reduction of nitrate}},
    year = {2021},
    journal = {Applied Catalysis B: Environmental},
    author = {Fajardo, Ana S. and Westerhoff, Paul and Sanchez-Sanchez, Carlos M. and Garcia-Segura, Sergi},
    month = {2},
    pages = {119465},
    volume = {281},
    publisher = {Elsevier},
    doi = {10.1016/J.APCATB.2020.119465},
    issn = {0926-3373},
    keywords = {Advanced reduction processes, Cathodic materials, Electrochemical technologies, Selectivity towards nitrogen, Water treatment}
}

@article{Fernandez2020EditorsParity,
    title = {{Editors’ Choice—Economic Considerations for Low-Temperature Electrochemical Ammonia Production: Achieving Haber-Bosch Parity}},
    year = {2020},
    journal = {Journal of The Electrochemical Society},
    author = {Fernandez, Carlos A. and Hatzell, Marta C.},
    number = {14},
    month = {11},
    pages = {143504},
    volume = {167},
    publisher = {IOP Publishing},
    url = {https://iopscience.iop.org/article/10.1149/1945-7111/abc35b https://iopscience.iop.org/article/10.1149/1945-7111/abc35b/meta},
    doi = {10.1149/1945-7111/ABC35B},
    issn = {1945-7111}
}

@article{Fedurco1999EffectElectrode,
    title = {{Effect of Multivalent Cations upon Reduction of Nitrate Ions at the Ag Electrode}},
    year = {1999},
    journal = {Journal of The Electrochemical Society},
    author = {Fedurco, M. and Kedzierzawski, P. and Augustynski, J.},
    number = {7},
    month = {7},
    pages = {2569--2572},
    volume = {146},
    publisher = {The Electrochemical Society},
    url = {https://iopscience.iop.org/article/10.1149/1.1391973 https://iopscience.iop.org/article/10.1149/1.1391973/meta},
    doi = {10.1149/1.1391973/XML},
    issn = {0013-4651}
}

@article{Li2021EffectAmmonia,
    title = {{Effect of supporting matrixes on performance of copper catalysts in electrochemical nitrate reduction to ammonia}},
    year = {2021},
    journal = {Journal of Power Sources},
    author = {Li, Jingsha and Gao, Jingfeng and Feng, Tianzhe and Zhang, He He and Liu, Depei and Zhang, Chunmei and Huang, Shunyuan and Wang, Changhong and Du, Feng and Li, Changming and Guo, Chunxian},
    month = {11},
    pages = {230463},
    volume = {511},
    publisher = {Elsevier},
    doi = {10.1016/J.JPOWSOUR.2021.230463},
    issn = {0378-7753},
    keywords = {Ammonia production, Atomic hydrogen reduction pathway, Cu-based catalyst, Electrocatalytic nitrate reduction, Supporting matrix}
}

@article{Li2020EfficientNanoclusters,
    title = {{Efficient Ammonia Electrosynthesis from Nitrate on Strained Ruthenium Nanoclusters}},
    year = {2020},
    journal = {Journal of the American Chemical Society},
    author = {Li, Jie and Zhan, Guangming and Yang, Jianhua and Quan, Fengjiao and Mao, Chengliang and Liu, Yang and Wang, Bo and Lei, Fengcai and Li, Lejing and Chan, Alice W.M. and Xu, Liangpang and Shi, Yanbiao and Du, Yi and Hao, Weichang and Wong, Po Keung and Wang, Jianfang and Dou, Shi Xue and Zhang, Lizhi and Yu, Jimmy C.},
    number = {15},
    month = {4},
    pages = {7036--7046},
    volume = {142},
    publisher = {American Chemical Society},
    url = {https://pubs.acs.org/doi/abs/10.1021/jacs.0c00418},
    doi = {10.1021/JACS.0C00418/SUPPL{\_}FILE/JA0C00418{\_}SI{\_}001.PDF},
    issn = {15205126}
}

@article{Akbashev2022ElectrocatalysisNuts,
    title = {{Electrocatalysis Goes Nuts}},
    year = {2022},
    journal = {ACS Catalysis},
    author = {Akbashev, Andrew R.},
    month = {3},
    pages = {4296--4301},
    volume = {12},
    publisher = {American Chemical Society},
    url = {https://pubs.acs.org/doi/full/10.1021/acscatal.2c00123},
    doi = {10.1021/ACSCATAL.2C00123},
    issn = {2155-5435}
}

@article{Saravanakumar2017ElectrocatalyticElectrode,
    title = {{Electrocatalytic Conversion of Carbon Dioxide and Nitrate Ions to Urea by a Titania–Nafion Composite Electrode}},
    year = {2017},
    journal = {ChemSusChem},
    author = {Saravanakumar, Duraisamy and Song, Jieun and Lee, Sunhye and Hur, Nam Hwi and Shin, Woonsup},
    number = {20},
    month = {10},
    pages = {3999--4003},
    volume = {10},
    publisher = {Wiley-VCH Verlag},
    doi = {10.1002/CSSC.201701448},
    issn = {1864564X},
    pmid = {28834605},
    keywords = {carbon dioxide conversion, electrocatalyst, indium-doped tin oxide, titanium oxide, urea}
}

@article{vanLangevelde2021ElectrocatalyticProduction,
    title = {{Electrocatalytic Nitrate Reduction for Sustainable Ammonia Production}},
    year = {2021},
    journal = {Joule},
    author = {van Langevelde, Phebe H. and Katsounaros, Ioannis and Koper, Marc T.M.},
    number = {2},
    month = {2},
    pages = {290--294},
    volume = {5},
    publisher = {Cell Press},
    url = {https://linkinghub.elsevier.com/retrieve/pii/S2542435120306243},
    doi = {10.1016/j.joule.2020.12.025},
    issn = {25424351},
    keywords = {Electrocatalysis, ammonia synthesis, nitrate, waste water}
}

@article{Fu2022ElectrocatalyticFormation,
    title = {{Electrocatalytic nitrate reduction on bimetallic Palladium-Copper Nanowires: Key surface structure for selective dinitrogen formation}},
    year = {2022},
    journal = {Chemical Engineering Journal},
    author = {Fu, Chunhong and Shu, Song and Hu, Lin and Liu, Zixun and Yin, Zhouyang and Lv, Xiaoshu and Zhang, Sen and Jiang, Guangming},
    month = {5},
    pages = {134969},
    volume = {435},
    publisher = {Elsevier},
    doi = {10.1016/J.CEJ.2022.134969},
    issn = {1385-8947},
    keywords = {Bimetallic catalysis, Electrocatalysis, N2 selectivity, Nitrate reduction, Palladium}
}

@article{Liu2021ElectrocatalyticAmmonia,
    title = {{Electrocatalytic nitrate reduction on oxide-derived silver with tunable selectivity to nitrite and ammonia}},
    year = {2021},
    journal = {ACS Catalysis},
    author = {Liu, Hengzhou and Park, Jaeryul and Chen, Yifu and Qiu, Yang and Cheng, Yan and Srivastava, Kartik and Gu, Shuang and Shanks, Brent H. and Roling, Luke T. and Li, Wenzhen},
    pages = {8431--8442},
    volume = {11},
    publisher = {American Chemical Society},
    url = {https://pubs.acs.org/doi/abs/10.1021/acscatal.1c01525},
    doi = {10.1021/ACSCATAL.1C01525/SUPPL{\_}FILE/CS1C01525{\_}SI{\_}002.MP4},
    issn = {21555435},
    keywords = {Density functional theory, Electrocatalysis, Heterogeneous catalysis, Nitrate reduction, Selectivity, Wastewater treatment}
}

@article{Zhang2022ElectrocatalyticAlloys,
    title = {{Electrocatalytic nitrate reduction to ammonia on defective Au1Cu (111) single-atom alloys}},
    year = {2022},
    journal = {Applied Catalysis B: Environmental},
    author = {Zhang, Yuanzheng and Chen, Xiang and Wang, Weilai and Yin, Lifeng and Crittenden, John C.},
    month = {8},
    pages = {121346},
    volume = {310},
    publisher = {Elsevier},
    doi = {10.1016/J.APCATB.2022.121346},
    issn = {0926-3373},
    keywords = {Cu vacancy, Electrocatalysis, Nitrate reduction, Single-atom alloys, Synthetic ammonia}
}

@article{Wang2021ElectrocatalyticMetalloenzymes,
    title = {{Electrocatalytic nitrate/nitrite reduction to ammonia synthesis using metal nanocatalysts and bio-inspired metalloenzymes}},
    year = {2021},
    journal = {Nano Energy},
    author = {Wang, Jing and Feng, Tao and Chen, Jiaxin and Ramalingam, Vinoth and Li, Zhongxiao and Kabtamu, Daniel Manaye and He, Jr Hau and Fang, Xiaosheng},
    month = {8},
    pages = {106088},
    volume = {86},
    publisher = {Elsevier},
    doi = {10.1016/J.NANOEN.2021.106088},
    issn = {2211-2855},
    keywords = {Ammonia synthesis, Bio-inspired metalloenzymes, Bioelectrochemical systems, Electrocatalysis, Metal nanocatalysts, Nitrate/nitrite reduction}
}

@article{Ghosh2022ElectrocatalyticNanoparticles,
    title = {{Electrocatalytic reduction of nitrate by in situ generated cobalt nanoparticles}},
    year = {2022},
    journal = {Chemical Communications},
    author = {Ghosh, Moumita and Ibrar, Maha and Smith, Jeremy M},
    publisher = {Royal Society of Chemistry},
    url = {https://pubs.rsc.org/en/content/articlehtml/2022/cc/d2cc00853j https://pubs.rsc.org/en/content/articlelanding/2022/cc/d2cc00853j http://xlink.rsc.org/?DOI=D2CC00853J},
    doi = {10.1039/D2CC00853J},
    issn = {1359-7345}
}

@article{Shen2020ElectrocatalyticN2-selectivity,
    title = {{Electrocatalytic reduction of nitrate in water using Cu/Pd modified Ni foam cathode: High nitrate removal efficiency and N2-selectivity}},
    year = {2020},
    journal = {Separation and Purification Technology},
    author = {Shen, Zhanhui and Liu, Daoru and Peng, Gege and Ma, Yuanhao and Li, Jiansheng and Shi, Jialu and Peng, Jianbiao and Ding, Linjie},
    month = {6},
    pages = {116743},
    volume = {241},
    publisher = {Elsevier},
    doi = {10.1016/J.SEPPUR.2020.116743},
    issn = {1383-5866},
    keywords = {Cu/Pd nanoparticle, Electrocatalytic reduction, Nickel foam, Nitrate}
}

@article{Perez-Gallent2017ElectrocatalyticSolutions.,
    title = {{Electrocatalytic reduction of Nitrate on Copper single crystals in acidic and alkaline solutions.}},
    year = {2017},
    journal = {Electrochimica Acta},
    author = {P{\'{e}}rez-Gallent, Elena and Figueiredo, Marta C. and Katsounaros, Ioannis and Koper, Marc T.M.},
    month = {2},
    pages = {77--84},
    volume = {227},
    publisher = {Pergamon},
    doi = {10.1016/J.ELECTACTA.2016.12.147},
    issn = {0013-4686}
}

@article{Wang2021ElectrocatalyticNanosheets,
    title = {{Electrocatalytic Reduction of Nitrate to Ammonia on Low-Cost Ultrathin CoOx Nanosheets}},
    year = {2021},
    journal = {ACS Catalysis},
    author = {Wang, Jing and Cai, Chao and Wang, Yian and Yang, Xuming and Wu, Duojie and Zhu, Yuanmin and Li, Menghao and Gu, Meng and Shao, Minhua},
    number = {24},
    month = {12},
    pages = {15135--15140},
    volume = {11},
    publisher = {American Chemical Society},
    url = {https://pubs.acs.org/doi/abs/10.1021/acscatal.1c03918},
    doi = {10.1021/ACSCATAL.1C03918/SUPPL{\_}FILE/CS1C03918{\_}SI{\_}001.PDF},
    issn = {21555435},
    keywords = {ammonia, cobalt oxide, electrocatalysis, nitrate reduction reaction, surface oxygen}
}

@article{Xu2022ElectrocatalyticCycle,
    title = {{Electrocatalytic reduction of nitrate – a step towards a sustainable nitrogen cycle}},
    year = {2022},
    journal = {Chemical Society Reviews},
    author = {Xu, Hui and Ma, Yuanyuan and Chen, Jun and Zhang, Wei-xian and Yang, Jianping},
    number = {7},
    month = {4},
    pages = {2710--2758},
    volume = {51},
    publisher = {The Royal Society of Chemistry},
    url = {https://pubs.rsc.org/en/content/articlehtml/2022/cs/d1cs00857a https://pubs.rsc.org/en/content/articlelanding/2022/cs/d1cs00857a},
    doi = {10.1039/D1CS00857A},
    issn = {1460-4744},
    pmid = {35274646}
}

@article{Garcia-Segura2018ElectrocatalyticApplications,
    title = {{Electrocatalytic reduction of nitrate: Fundamentals to full-scale water treatment applications}},
    year = {2018},
    journal = {Applied Catalysis B: Environmental},
    author = {Garcia-Segura, Sergi and Lanzarini-Lopes, Mariana and Hristovski, Kiril and Westerhoff, Paul},
    month = {11},
    pages = {546--568},
    volume = {236},
    publisher = {Elsevier},
    doi = {10.1016/J.APCATB.2018.05.041},
    issn = {0926-3373},
    keywords = {Cathodic reduction, Electrochemical processes, Nanotechnology, Nitrogen cycle, Water treatment}
}

@article{Garcia-Segura2018ElectrocatalyticApplicationsb,
    title = {{Electrocatalytic reduction of nitrate: Fundamentals to full-scale water treatment applications}},
    year = {2018},
    journal = {Applied Catalysis B: Environmental},
    author = {Garcia-Segura, Sergi and Lanzarini-Lopes, Mariana and Hristovski, Kiril and Westerhoff, Paul},
    month = {11},
    pages = {546--568},
    volume = {236},
    publisher = {Elsevier},
    doi = {10.1016/J.APCATB.2018.05.041},
    issn = {0926-3373},
    keywords = {Cathodic reduction, Electrochemical processes, Nanotechnology, Nitrogen cycle, Water treatment}
}

@article{Jiao2019ElectrochemicalCells,
    title = {{Electrochemical Ammonia Synthesis and Ammonia Fuel Cells}},
    year = {2019},
    journal = {Advanced Materials},
    author = {Jiao, Feng and Xu, Bingjun},
    number = {31},
    month = {8},
    pages = {1805173},
    volume = {31},
    publisher = {John Wiley {\&} Sons, Ltd},
    url = {https://onlinelibrary.wiley.com/doi/full/10.1002/adma.201805173 https://onlinelibrary.wiley.com/doi/abs/10.1002/adma.201805173 https://onlinelibrary.wiley.com/doi/10.1002/adma.201805173},
    doi = {10.1002/ADMA.201805173},
    issn = {1521-4095},
    pmid = {30565743},
    keywords = {ammonia fuel cells, ammonia synthesis, electrocatalysis, nitrogen reduction}
}

@article{Yang2021ElectrochemicalCatalyst,
    title = {{Electrochemical ammonia synthesis from nitrite assisted by in situ generated hydrogen atoms on a nickel phosphide catalyst}},
    year = {2021},
    journal = {Chemical Communications},
    author = {Yang, Xiao and Kang, Lei and Wang, Chuan Jun and Liu, Fulai and Chen, Yong},
    number = {58},
    month = {7},
    pages = {7176--7179},
    volume = {57},
    publisher = {Royal Society of Chemistry},
    url = {https://pubs.rsc.org/en/content/articlehtml/2021/cc/d1cc02410h https://pubs.rsc.org/en/content/articlelanding/2021/cc/d1cc02410h},
    doi = {10.1039/D1CC02410H},
    issn = {1364548X},
    pmid = {34190249}
}

@article{Wu2021ElectrochemicalCatalyst,
    title = {{Electrochemical ammonia synthesis via nitrate reduction on Fe single atom catalyst}},
    year = {2021},
    journal = {Nature Communications 2021 12:1},
    author = {Wu, Zhen Yu and Karamad, Mohammadreza and Yong, Xue and Huang, Qizheng and Cullen, David A. and Zhu, Peng and Xia, Chuan and Xiao, Qunfeng and Shakouri, Mohsen and Chen, Feng Yang and Kim, Jung Yoon (Timothy) and Xia, Yang and Heck, Kimberly and Hu, Yongfeng and Wong, Michael S. and Li, Qilin and Gates, Ian and Siahrostami, Samira and Wang, Haotian},
    number = {1},
    month = {5},
    pages = {1--10},
    volume = {12},
    publisher = {Nature Publishing Group},
    url = {https://www.nature.com/articles/s41467-021-23115-x},
    doi = {10.1038/s41467-021-23115-x},
    issn = {2041-1723},
    pmid = {34001869},
    keywords = {Electrocatalysis, Heterogeneous catalysis, Materials for energy and catalysis}
}

@article{Wu2021ElectrochemicalCatalystb,
    title = {{Electrochemical ammonia synthesis via nitrate reduction on Fe single atom catalyst}},
    year = {2021},
    journal = {Nature Communications 2021 12:1},
    author = {Wu, Zhen Yu and Karamad, Mohammadreza and Yong, Xue and Huang, Qizheng and Cullen, David A. and Zhu, Peng and Xia, Chuan and Xiao, Qunfeng and Shakouri, Mohsen and Chen, Feng Yang and Kim, Jung Yoon (Timothy) and Xia, Yang and Heck, Kimberly and Hu, Yongfeng and Wong, Michael S. and Li, Qilin and Gates, Ian and Siahrostami, Samira and Wang, Haotian},
    number = {1},
    month = {5},
    pages = {1--10},
    volume = {12},
    publisher = {Nature Publishing Group},
    url = {https://www.nature.com/articles/s41467-021-23115-x},
    doi = {10.1038/s41467-021-23115-x},
    issn = {2041-1723},
    pmid = {34001869},
    keywords = {Electrocatalysis, Heterogeneous catalysis, Materials for energy and catalysis}
}

@article{Shih2020ElectrochemicalCu/Ni,
    title = {{Electrochemical nitrate reduction as affected by the crystal morphology and facet of copper nanoparticles supported on nickel foam electrodes (Cu/Ni)}},
    year = {2020},
    journal = {Chemical Engineering Journal},
    author = {Shih, Yu Jen and Wu, Zhi Lun and Huang, Yao Hui and Huang, Chin Pao},
    month = {3},
    pages = {123157},
    volume = {383},
    publisher = {Elsevier},
    doi = {10.1016/J.CEJ.2019.123157},
    issn = {1385-8947},
    keywords = {Crystal facet, Electrode potential, Electrodeless plating, Nitrate, Selectivity}
}

@article{Mattarozzi2013ElectrochemicalElectrodes,
    title = {{Electrochemical reduction of nitrate and nitrite in alkaline media at CuNi alloy electrodes}},
    year = {2013},
    journal = {Electrochimica Acta},
    author = {Mattarozzi, Luca and Cattarin, Sandro and Comisso, Nicola and Guerriero, Paolo and Musiani, Marco and V{\'{a}}zquez-G{\'{o}}mez, Lourdes and Verlato, Enrico},
    month = {2},
    pages = {488--496},
    volume = {89},
    publisher = {Pergamon},
    doi = {10.1016/J.ELECTACTA.2012.11.074},
    issn = {0013-4686},
    keywords = {Alloy electrodeposition, Bimetallic cathodes, Copper, Nickel, Nitrogen oxyanions}
}

@article{Dortsiou2009ElectrochemicalCathodes,
    title = {{Electrochemical reduction of nitrate on bismuth cathodes}},
    year = {2009},
    journal = {Journal of Electroanalytical Chemistry},
    author = {Dortsiou, M. and Kyriacou, G.},
    number = {1-2},
    month = {5},
    pages = {69--74},
    volume = {630},
    publisher = {Elsevier},
    doi = {10.1016/J.JELECHEM.2009.02.019},
    issn = {1572-6657},
    keywords = {Autocatalytic, Bismuth, Electrochemical, Nitrate, Reduction}
}

@article{Kuang2020ElectrochemicalLevel,
    title = {{Electrochemical reduction of nitrate on boron-doped diamond electrodes: Effects of surface termination and boron-doping level}},
    year = {2020},
    journal = {Chemosphere},
    author = {Kuang, Peijing and Natsui, Keisuke and Feng, Chuanping and Einaga, Yasuaki},
    month = {7},
    pages = {126364},
    volume = {251},
    publisher = {Pergamon},
    doi = {10.1016/J.CHEMOSPHERE.2020.126364},
    issn = {0045-6535},
    pmid = {32443231},
    keywords = {Boron-doping level, Investigation of mechanism, Nitrate reduction, Nitrogen gas selectivity, Surface termination}
}

@article{Chen2020ElectrochemicalCatalyst,
    title = {{Electrochemical reduction of nitrate to ammonia via direct eight-electron transfer using a copper–molecular solid catalyst}},
    year = {2020},
    journal = {Nature Energy},
    author = {Chen, Gao-Feng and Yuan, Yifei and Jiang, Haifeng and Ren, Shi-Yu and Ding, Liang-Xin and Ma, Lu and Wu, Tianpin and Lu, Jun and Wang, Haihui},
    number = {8},
    month = {8},
    pages = {605--613},
    volume = {5},
    publisher = {Nature Publishing Group},
    url = {https://www.nature.com/articles/s41560-020-0654-1 http://www.nature.com/articles/s41560-020-0654-1},
    doi = {10.1038/s41560-020-0654-1},
    issn = {2058-7546},
    keywords = {Electrocatalysis, Heterogeneous catalysis, Materials for energy and catalysis}
}

@article{Wang2019ElectrochemicalDensity,
    title = {{Electrochemical removal of nitrate by Cu/Ti electrode coupled with copper-modified activated carbon particles at a low current density}},
    year = {2019},
    journal = {Environmental Science and Pollution Research},
    author = {Wang, Qing and Huang, Hui and Wang, Laichun and Chen, Yinguang},
    number = {17},
    month = {6},
    pages = {17567--17576},
    volume = {26},
    publisher = {Springer Verlag},
    url = {https://link.springer.com/article/10.1007/s11356-019-05043-y},
    doi = {10.1007/S11356-019-05043-Y/TABLES/2},
    issn = {16147499},
    pmid = {31025278},
    keywords = {Activated carbon, Cu/Ti electrode, Electrochemical reduction, Low current density, Nitrate removal, Three-dimensional electrolysis}
}

@article{Dortsiou2009ElectrochemicalExchange,
    title = {{Electrochemical removal of nitrate from the spent regenerant solution of the ion exchange}},
    year = {2009},
    journal = {Desalination},
    author = {Dortsiou, M. and Katsounaros, I. and Polatides, C. and Kyriacou, G.},
    number = {1-3},
    month = {11},
    pages = {923--930},
    volume = {248},
    publisher = {Elsevier},
    doi = {10.1016/J.DESAL.2008.10.012},
    issn = {0011-9164}
}

@article{Li2020ElectrochemicalAdjusting,
    title = {{Electrochemical removal of nitrate using a nanosheet structured Co3O4/Ti cathode: Effects of temperature, current and pH adjusting}},
    year = {2020},
    journal = {Separation and Purification Technology},
    author = {Li, Chen and Li, Kan and Chen, Chen and Tang, Qingli and Sun, Tonghua and Jia, Jinping},
    month = {4},
    pages = {116485},
    volume = {237},
    publisher = {Elsevier},
    doi = {10.1016/J.SEPPUR.2019.116485},
    issn = {1383-5866},
    keywords = {Electrodeposition, N2 selectivity, NH3 fixation, NO3– removal, Reaction temperature}
}

@article{Soloveichik2019ElectrochemicalProcess,
    title = {{Electrochemical synthesis of ammonia as a potential alternative to the Haber–Bosch process}},
    year = {2019},
    journal = {Nature Catalysis 2019 2:5},
    author = {Soloveichik, Grigorii},
    number = {5},
    month = {5},
    pages = {377--380},
    volume = {2},
    publisher = {Nature Publishing Group},
    url = {https://www.nature.com/articles/s41929-019-0280-0},
    doi = {10.1038/s41929-019-0280-0},
    issn = {2520-1158},
    keywords = {Electrocatalysis, Energy}
}

@article{Lei2021ElectrochemicalGraphene,
    title = {{Electrochemical synthesis of ammonia by nitrate reduction on indium incorporated in sulfur doped graphene}},
    year = {2021},
    journal = {Chemical Engineering Journal},
    author = {Lei, Fengcai and Xu, Wenli and Yu, Jing and Li, Kun and Xie, Junfeng and Hao, Pin and Cui, Guanwei and Tang, Bo},
    month = {12},
    pages = {131317},
    volume = {426},
    publisher = {Elsevier},
    doi = {10.1016/J.CEJ.2021.131317},
    issn = {1385-8947},
    keywords = {Abundant active sites, Ammonia synthesis, Electrocatalysis, Hybrid electronic structure, Nitrate reduction}
}

@article{Zou2017ElectrochemicalNitrite,
    title = {{Electrochemical synthesis of gold nanoparticles decorated flower-like graphene for high sensitivity detection of nitrite}},
    year = {2017},
    journal = {Journal of Colloid and Interface Science},
    author = {Zou, Cui'e and Yang, Beibei and Bin, Duan and Wang, Jin and Li, Shumin and Yang, Ping and Wang, Caiqin and Shiraishi, Yukihide and Du, Yukou},
    month = {2},
    pages = {135--141},
    volume = {488},
    publisher = {Academic Press},
    doi = {10.1016/J.JCIS.2016.10.088},
    issn = {0021-9797},
    pmid = {27821334},
    keywords = {Au nanoparticles, Electrodeposition, Graphene, NaNO2}
}

@article{Zhang2016Electrochemical-catalyticSelectivity,
    title = {{Electrochemical-catalytic reduction of nitrate over Pd–Cu/{$\gamma$}Al2O3 catalyst in cathode chamber: Enhanced removal efficiency and N2 selectivity}},
    year = {2016},
    journal = {Chemical Engineering Journal},
    author = {Zhang, Zhiqiang and Xu, Yongpeng and Shi, Wenxin and Wang, Wei and Zhang, Ruijun and Bao, Xian and Zhang, Bing and Li, Li and Cui, Fuyi},
    month = {4},
    pages = {201--208},
    volume = {290},
    publisher = {Elsevier},
    doi = {10.1016/J.CEJ.2016.01.063},
    issn = {1385-8947},
    keywords = {Current efficiency, Electrochemical-catalytic, Nitrate, Pd-Cu/{$\gamma$}Al2O3 catalyst}
}

@article{Hodgetts2021ElectrochemicallyExperiments,
    title = {{Electrochemically Induced Generation of Extraneous Nitrite and Ammonia in Organic Electrolyte Solutions During Nitrogen Reduction Experiments}},
    year = {2021},
    journal = {ChemElectroChem},
    author = {Hodgetts, Rebecca Y. and Du, Hoang Long and MacFarlane, Douglas R. and Simonov, Alexandr N.},
    number = {9},
    month = {5},
    pages = {1596--1604},
    volume = {8},
    publisher = {John Wiley {\&} Sons, Ltd},
    url = {https://onlinelibrary.wiley.com/doi/full/10.1002/celc.202100251 https://onlinelibrary.wiley.com/doi/abs/10.1002/celc.202100251 https://chemistry-europe.onlinelibrary.wiley.com/doi/abs/10.1002/celc.202100251},
    doi = {10.1002/CELC.202100251},
    issn = {2196-0216},
    keywords = {acetonitrile, electrocatalytic reduction, nitrogen reduction reaction, pH effect}
}

@article{Braley2020Electrode-adsorptionReduction,
    title = {{Electrode-adsorption activates trans-[Cr(cyclam)Cl2]+ for electrocatalytic nitrate reduction}},
    year = {2020},
    journal = {Chemical Communications},
    author = {Braley, Sarah E. and Ashley, Daniel C. and Kulesa, Krista M. and Jakubikova, Elena and Smith, Jeremy M.},
    number = {4},
    month = {1},
    pages = {603--606},
    volume = {56},
    publisher = {The Royal Society of Chemistry},
    url = {https://pubs.rsc.org/en/content/articlehtml/2020/cc/c9cc08550e https://pubs.rsc.org/en/content/articlelanding/2020/cc/c9cc08550e},
    doi = {10.1039/C9CC08550E},
    issn = {1364-548X},
    pmid = {33881064}
}

@article{McEnaney2020ElectrolyteElectrode,
    title = {{Electrolyte engineering for efficient electrochemical nitrate reduction to ammonia on a titanium electrode}},
    year = {2020},
    journal = {ACS Sustainable Chemistry and Engineering},
    author = {McEnaney, Joshua M. and Blair, Sarah J. and Nielander, Adam C. and Schwalbe, Jay A. and Koshy, David M. and Cargnello, Matteo and Jaramillo, Thomas F.},
    number = {7},
    month = {2},
    pages = {2672--2681},
    volume = {8},
    publisher = {American Chemical Society},
    url = {https://pubs.acs.org/doi/abs/10.1021/acssuschemeng.9b05983},
    doi = {10.1021/ACSSUSCHEMENG.9B05983/SUPPL{\_}FILE/SC9B05983{\_}SI{\_}001.PDF},
    issn = {21680485},
    keywords = {ammonia, electrocatalysis, electrolyte engineering, nitrate reduction, titanium}
}

@article{Li2014ElectroreductionCopper,
    title = {{Electroreduction of carbon monoxide to liquid fuel on oxide-derived nanocrystalline copper}},
    year = {2014},
    journal = {Nature 2014 508:7497},
    author = {Li, Christina W. and Ciston, Jim and Kanan, Matthew W.},
    number = {7497},
    month = {4},
    pages = {504--507},
    volume = {508},
    publisher = {Nature Publishing Group},
    url = {https://www.nature.com/articles/nature13249},
    doi = {10.1038/nature13249},
    issn = {1476-4687},
    pmid = {24717429},
    keywords = {Electrocatalysis}
}

@phdthesis{Gallent2018ElectroreductionStudy,
    title = {{Electroreduction of nitrate and carbon dioxide on copper electrodes: a mechanistic study}},
    year = {2018},
    author = {Gallent, Perez},
    url = {http://hdl.handle.net/1887/61142},
    isbn = {9789462998421}
}

@article{Krzywda2022ElectroreductionElectrodes,
    title = {{Electroreduction of NO3− on tubular porous Ti electrodes}},
    year = {2022},
    journal = {Catalysis Science {\&} Technology},
    author = {Krzywda, Piotr M. and Paradelo Rodr{\'{i}}guez, Ainoa and Cino, Lukas and Benes, Nieck E. and Mei, Bastian T. and Mul, Guido},
    number = {10},
    month = {5},
    pages = {3281--3288},
    volume = {12},
    publisher = {The Royal Society of Chemistry},
    url = {https://pubs.rsc.org/en/content/articlehtml/2022/cy/d2cy00289b https://pubs.rsc.org/en/content/articlelanding/2022/cy/d2cy00289b},
    doi = {10.1039/D2CY00289B},
    issn = {2044-4761}
}

@article{Meng2021ElectrosynthesisNanosheets,
    title = {{Electrosynthesis of urea from nitrite and CO2 over oxygen vacancy-rich ZnO porous nanosheets}},
    year = {2021},
    journal = {Cell Reports Physical Science},
    author = {Meng, Nannan and Huang, Yanmei and Liu, Yang and Yu, Yifu and Zhang, Bin},
    number = {3},
    month = {3},
    pages = {100378},
    volume = {2},
    publisher = {Cell Press},
    doi = {10.1016/J.XCRP.2021.100378},
    issn = {2666-3864},
    keywords = {C-N bond, CO2, electrocatalysis, electroreduction, nanostructures, nitrite, oxygen vacancy, reaction pathway, self-template, urea electrosynthesis}
}

@article{Hristovski2017EngineeringProcesses,
    title = {{Engineering metal (hydr)oxide sorbents for removal of arsenate and similar weak-acid oxyanion contaminants: A critical review with emphasis on factors governing sorption processes}},
    year = {2017},
    journal = {Science of The Total Environment},
    author = {Hristovski, Kiril D. and Markovski, Jasmina},
    month = {11},
    pages = {258--271},
    volume = {598},
    publisher = {Elsevier},
    doi = {10.1016/J.SCITOTENV.2017.04.108},
    issn = {0048-9697},
    pmid = {28445823},
    keywords = {Arsenic, Metal (hydr)oxide nanomaterial, Oxyanions, Sorbate, Sorbent, Water treatment}
}

@article{Ouyang2022EnhancedArray,
    title = {{Enhanced electrocatalytic nitrite reduction to ammonia over P-doped TiO2 nanobelt array}},
    year = {2022},
    journal = {Journal of Materials Chemistry A},
    author = {Ouyang, Ling and He, Xun and Sun, Shengjun and Luo, Yongsong and Zheng, Dongdong and Chen, Jie and Li, Yinwei and Lin, Yuxiao and Liu, Qian and Asiri, Abdullah M. and Sun, Xuping},
    number = {44},
    month = {11},
    pages = {23494--23498},
    volume = {10},
    publisher = {The Royal Society of Chemistry},
    url = {https://pubs.rsc.org/en/content/articlehtml/2022/ta/d2ta06933d https://pubs.rsc.org/en/content/articlelanding/2022/ta/d2ta06933d},
    doi = {10.1039/D2TA06933D},
    issn = {2050-7496}
}

@article{Wang2020EnhancedAdsorption,
    title = {{Enhanced Nitrate-to-Ammonia Activity on Copper-Nickel Alloys via Tuning of Intermediate Adsorption}},
    year = {2020},
    journal = {Journal of the American Chemical Society},
    author = {Wang, Yuhang and Xu, Aoni and Wang, Ziyun and Huang, Linsong and Li, Jun and Li, Fengwang and Wicks, Joshua and Luo, Mingchuan and Nam, Dae Hyun and Tan, Chih Shan and Ding, Yu and Wu, Jiawen and Lum, Yanwei and Dinh, Cao Thang and Sinton, David and Zheng, Gengfeng and Sargent, Edward H.},
    number = {12},
    month = {3},
    pages = {5702--5708},
    volume = {142},
    publisher = {American Chemical Society},
    url = {https://pubs.acs.org/doi/full/10.1021/jacs.9b13347},
    doi = {10.1021/JACS.9B13347/ASSET/IMAGES/LARGE/JA9B13347{\_}0004.JPEG},
    issn = {15205126},
    pmid = {32118414}
}

@article{Talbi2022EnhancedAuNPs,
    title = {{Enhanced Nitrite Detection by a Carbon Screen Printed Electrode Modified with Photochemically-Made AuNPs}},
    year = {2022},
    journal = {Chemosensors 2022, Vol. 10, Page 40},
    author = {Talbi, Malak and Al-Hamry, Ammar and Teixeira, Priscila Rios and Paterno, Leonardo G. and Ali, Mounir Ben and Kanoun, Olfa},
    number = {2},
    month = {1},
    pages = {40},
    volume = {10},
    publisher = {Multidisciplinary Digital Publishing Institute},
    url = {https://www.mdpi.com/2227-9040/10/2/40/htm https://www.mdpi.com/2227-9040/10/2/40},
    doi = {10.3390/CHEMOSENSORS10020040},
    issn = {2227-9040},
    keywords = {carbon screen, differential pulse voltammetry, electrochemical impedance spectroscopy, gold nanoparticles, nitrite detection, printed electrode}
}

@article{J1959EntgegnungSaure,
    title = {{Entgegnung auf die vorstehende Arbeit von G. Schmid {\"{u}}ber „Die autokatalytische Natur der kathodischen Reduktion von Salpeters{\"{a}}ure zu salpetriger S{\"{a}}ure”︁}},
    year = {1959},
    journal = {Zeitschrift f{\"{u}}r Elektrochemie, Berichte der Bunsengesellschaft f{\"{u}}r physikalische Chemie},
    author = {J, lo K and J V E Tter, Von K},
    number = {9-10},
    month = {11},
    pages = {1189--1191},
    volume = {63},
    publisher = {John Wiley {\&} Sons, Ltd},
    url = {https://onlinelibrary.wiley.com/doi/full/10.1002/bbpc.19590630928 https://onlinelibrary.wiley.com/doi/abs/10.1002/bbpc.19590630928 https://onlinelibrary.wiley.com/doi/10.1002/bbpc.19590630928},
    doi = {10.1002/BBPC.19590630928},
    issn = {0005-9021}
}

@article{Li2020EnzymeMedia,
    title = {{Enzyme Mimetic Active Intermediates for Nitrate Reduction in Neutral Aqueous Media}},
    year = {2020},
    journal = {Angewandte Chemie International Edition},
    author = {Li, Yamei and Go, Yoo Kyung and Ooka, Hideshi and He, Daoping and Jin, Fangming and Kim, Sun Hee and Nakamura, Ryuhei},
    number = {24},
    month = {6},
    pages = {9744--9750},
    volume = {59},
    publisher = {John Wiley {\&} Sons, Ltd},
    url = {https://onlinelibrary.wiley.com/doi/full/10.1002/anie.202002647 https://onlinelibrary.wiley.com/doi/abs/10.1002/anie.202002647 https://onlinelibrary.wiley.com/doi/10.1002/anie.202002647},
    doi = {10.1002/ANIE.202002647},
    issn = {1521-3773},
    pmid = {32141214},
    keywords = {EPR spectroscopy, enzymes, molybdenum, reaction mechanisms, reduction}
}

@article{Li2020EnzymeMediab,
    title = {{Enzyme Mimetic Active Intermediates for Nitrate Reduction in Neutral Aqueous Media}},
    year = {2020},
    journal = {Angewandte Chemie},
    author = {Li, Yamei and yung Go, YooK and Ooka, Hideshi and He, Daoping and angming Jin, F and Hee Kim, Sun and Nakamura, Ryuhei},
    number = {24},
    month = {6},
    pages = {9831--9837},
    volume = {132},
    publisher = {John Wiley {\&} Sons, Ltd},
    url = {https://onlinelibrary.wiley.com/doi/full/10.1002/ange.202002647 https://onlinelibrary.wiley.com/doi/abs/10.1002/ange.202002647 https://onlinelibrary.wiley.com/doi/10.1002/ange.202002647},
    doi = {10.1002/ANGE.202002647},
    issn = {1521-3757},
    keywords = {EPR spectroscopy, enzymes, molybdenum, reaction mechanisms, reduction}
}

@article{Lum2019EvidenceReduction,
    title = {{Evidence for product-specific active sites on oxide-derived Cu catalysts for electrochemical CO2 reduction}},
    year = {2019},
    journal = {Nature Catalysis},
    author = {Lum, Yanwei and Ager, Joel W.},
    number = {1},
    month = {1},
    pages = {86--93},
    volume = {2},
    publisher = {Nature Publishing Group},
    url = {https://www.nature.com/articles/s41929-018-0201-7 http://www.nature.com/articles/s41929-018-0201-7},
    doi = {10.1038/s41929-018-0201-7},
    issn = {2520-1158},
    keywords = {Catalytic mechanisms, Electrocatalysis, Energy, Heterogeneous catalysis}
}

@article{Werth2020FactorsWater,
    title = {{Factors Impeding Replacement of Ion Exchange with (Electro)Catalytic Treatment for Nitrate Removal from Drinking Water}},
    year = {2020},
    journal = {ACS ES{\&}T Engineering},
    author = {Werth, Charles J. and Yan, Chenxu and Troutman, Jacob P.},
    number = {1},
    month = {1},
    pages = {6--20},
    volume = {1},
    publisher = {American Chemical Society},
    url = {https://pubs.acs.org/doi/full/10.1021/acsestengg.0c00076},
    doi = {10.1021/ACSESTENGG.0C00076},
    issn = {2690-0645},
    keywords = {catalysis, electrochemical, nitrate, reduction}
}

@article{Zhang2022FeAmmonia,
    title = {{Fe single-atom catalysts with pre-organized coordination structure for efficient electrochemical nitrate reduction to ammonia}},
    year = {2022},
    journal = {Applied Catalysis B: Environmental},
    author = {Zhang, Wen Da and Dong, Hongliang and Zhou, Lang and Xu, Hanwen and Wang, Hao Ran and Yan, Xiaodong and Jiang, Yuqin and Zhang, Jiangwei and Gu, Zhi Guo},
    month = {11},
    pages = {121750},
    volume = {317},
    publisher = {Elsevier},
    doi = {10.1016/J.APCATB.2022.121750},
    issn = {0926-3373},
    keywords = {Electroreduction of nitrate to ammonia, Metal-organic frameworks, Pre-organized structure, Single-atom catalysts}
}

@techreport{Lehnert2015FeedingCycle,
    title = {{Feeding the world in the 21st century : grand challenges in the nitrogen cycle}},
    year = {2015},
    booktitle = {Feeding the world in the 21st century : grand challenges in the nitrogen cycle},
    author = {Lehnert, Nicolai},
    number = {1550842},
    pages = {3--37},
    url = {https://www.nsf.gov/mps/che/workshops/nsf_nitrogen_report_int.pdf}
}

@article{Wang2021First-principlesPH,
    title = {{First-principles mechanistic study on nitrate reduction reactions on copper surfaces: Effects of crystal facets and pH}},
    year = {2021},
    journal = {Journal of Catalysis},
    author = {Wang, Yian and Qin, Xueping and Shao, Minhua},
    month = {8},
    pages = {62--70},
    volume = {400},
    publisher = {Academic Press},
    doi = {10.1016/J.JCAT.2021.05.022},
    issn = {0021-9517},
    keywords = {Ammonia formation, Crystal facet effects, Density functional theory, Nitrate reduction, Water/metal interface, pH effects}
}

@article{Lehnert2021GrandCycle,
    title = {{Grand challenges in the nitrogen cycle}},
    year = {2021},
    journal = {Chemical Society Reviews},
    author = {Lehnert, Nicolai and Musselman, Bradley W. and Seefeldt, Lance C.},
    number = {6},
    month = {3},
    pages = {3640--3646},
    volume = {50},
    publisher = {Royal Society of Chemistry},
    url = {https://pubs.rsc.org/en/content/articlehtml/2021/cs/d0cs00923g https://pubs.rsc.org/en/content/articlelanding/2021/cs/d0cs00923g},
    doi = {10.1039/D0CS00923G},
    issn = {14604744},
    pmid = {33554230}
}

@misc{VeoliaHandbookTreatment,
    title = {{Handbook of Industrial Water Treatment}},
    author = {{Veolia}},
    url = {https://www.watertechnologies.com/handbook/handbook-industrial-water-treatment}
}

@article{Liang2021High-efficiencyConditions,
    title = {{High-efficiency electrochemical nitrite reduction to ammonium using a Cu3P nanowire array under ambient conditions}},
    year = {2021},
    journal = {Green Chemistry},
    author = {Liang, Jie and Deng, Biao and Liu, Qin and Wen, Guilai and Liu, Qian and Li, Tingshuai and Luo, Yonglan and Alshehri, Abdulmohsen Ali and Alzahrani, Khalid Ahmed and Ma, Dongwei and Sun, Xuping},
    number = {15},
    month = {8},
    pages = {5487--5493},
    volume = {23},
    publisher = {The Royal Society of Chemistry},
    url = {https://pubs.rsc.org/en/content/articlehtml/2021/gc/d1gc01614h https://pubs.rsc.org/en/content/articlelanding/2021/gc/d1gc01614h},
    doi = {10.1039/D1GC01614H},
    issn = {1463-9270}
}

@article{XiaoyaFan2023High-efficiencyArray,
    title = {{High-efficiency electrosynthesis of ammonia with selective reduction of nitrite over Ag nanoparticles-decorated TiO2 nanoribbon array}},
    year = {2023},
    journal = {Inorganic Chemistry Frontiers},
    author = {{Xiaoya Fan} and {Xun He} and {Xianchang Ji} and {Longcheng Zhang} and {Jun Li} and {Long Hu} and {Xiuhong Li} and {Shengjun Sun} and {Dongdong Zheng} and {Yongsong Luo} and {Yan Wang} and {Lisi Xie} and {Qian Liu} and {Binwu Ying} and {Xuping Sun}},
    number = {1},
    volume = {6},
    publisher = {Royal Society of Chemistry},
    url = {https://pubs.rsc.org/en/content/articlelanding/2023/qi/d2qi02409h},
    doi = {10.1039/D2QI02409H},
    issn = {2052-1553}
}

@article{Li2021High-efficiencyFilm,
    title = {{High-efficiency nitrate electroreduction to ammonia on electrodeposited cobalt–phosphorus alloy film}},
    year = {2021},
    journal = {Chemical Communications},
    author = {Li, Zerong and Wen, Guilai and Liang, Jie and Li, Tingshuai and Luo, Yonglan and Kong, Qingquan and Shi, Xifeng and Asiri, Abdullah M. and Liu, Qian and Sun, Xuping},
    number = {76},
    month = {9},
    pages = {9720--9723},
    volume = {57},
    publisher = {Royal Society of Chemistry},
    url = {https://pubs.rsc.org/en/content/articlehtml/2021/cc/d1cc02612g https://pubs.rsc.org/en/content/articlelanding/2021/cc/d1cc02612g},
    isbn = {11/12/20229:3},
    doi = {10.1039/D1CC02612G},
    issn = {1364548X},
    pmid = {34474464}
}

@article{Soares2021HighlyWater,
    title = {{Highly N2-Selective Activated Carbon-Supported Pt-In Catalysts for the Reduction of Nitrites in Water}},
    year = {2021},
    journal = {Frontiers in Chemistry},
    author = {Soares, Olívia Salomé G.P. and Jardim, Erika O. and Ramos-Fernandez, Enrique V. and Villora-Pic{\'{o}}, Juan J. and Pastor-Blas, M. Mercedes and Silvestre-Albero, Joaquín and {\'{O}}rf{\~{a}}o, José J.M. and Pereira, Manuel Fernando R. and Sep{\'{u}}lveda-Escribano, Antonio},
    month = {8},
    pages = {606},
    volume = {9},
    publisher = {Frontiers Media S.A.},
    doi = {10.3389/FCHEM.2021.733881/BIBTEX},
    issn = {22962646},
    keywords = {Pt-In catalysts, XPS, activated carbon, nitrite reduction, temperature-programmed reduction}
}

@article{Cerron-Calle2022HighlyAmmonia,
    title = {{Highly reactive Cu-Pt bimetallic 3D-electrocatalyst for selective nitrate reduction to ammonia}},
    year = {2022},
    journal = {Applied Catalysis B: Environmental},
    author = {Cerr{\'{o}}n-Calle, Gabriel Antonio and Fajardo, Ana S. and S{\'{a}}nchez-S{\'{a}}nchez, Carlos M. and Garcia-Segura, Sergi},
    month = {3},
    pages = {120844},
    volume = {302},
    publisher = {Elsevier},
    doi = {10.1016/J.APCATB.2021.120844},
    issn = {0926-3373},
    keywords = {Ammonia production, Denitrification, Resource recovery, Selective electrocatalytic reduction, Water treatment}
}

@article{Rahman2022HoleProduction,
    title = {{Hole utilization in solar hydrogen production}},
    year = {2022},
    journal = {Nature Reviews Chemistry},
    author = {Rahman, Mohammad Z. and Edvinsson, Tomas and Gascon, Jorge},
    volume = {0123456789},
    publisher = {Springer US},
    isbn = {0123456789},
    doi = {10.1038/s41570-022-00366-w}
}

@article{Verleysen2021HowStorage,
    title = {{How sensitive is a dynamic ammonia synthesis process? Global sensitivity analysis of a dynamic Haber-Bosch process (for flexible seasonal energy storage)}},
    year = {2021},
    journal = {Energy},
    author = {Verleysen, Kevin and Parente, Alessandro and Contino, Francesco},
    month = {10},
    pages = {121016},
    volume = {232},
    publisher = {Pergamon},
    doi = {10.1016/J.ENERGY.2021.121016},
    issn = {0360-5442},
    keywords = {Aspen plus dynamics, Haber-bosch process, Seasonal hydrogen storage, Stochastic dynamic systems, Uncertainty quantification}
}

@article{Leistner1985HurdleTypes,
    title = {{Hurdle Technology Applied to Meat Products of the Shelf Stable Product and Intermediate Moisture Food Types}},
    year = {1985},
    journal = {Properties of Water in Foods},
    author = {Leistner, L.},
    pages = {309--329},
    publisher = {Springer, Dordrecht},
    url = {https://link.springer.com/chapter/10.1007/978-94-009-5103-7_19},
    isbn = {9789401087568},
    doi = {10.1007/978-94-009-5103-7{\_}19}
}

@article{Huo2017HydrogenationCatalysts,
    title = {{Hydrogenation of aqueous nitrate and nitrite with ruthenium catalysts}},
    year = {2017},
    journal = {Applied Catalysis B: Environmental},
    author = {Huo, Xiangchen and Van Hoomissen, Daniel J. and Liu, Jinyong and Vyas, Shubham and Strathmann, Timothy J.},
    month = {8},
    pages = {188--198},
    volume = {211},
    publisher = {Elsevier},
    doi = {10.1016/J.APCATB.2017.04.045},
    issn = {0926-3373},
    keywords = {Catalyst pretreatment, Density functional theory, Isotope labeling, Nitrate reduction, Ruthenium catalysts}
}

@article{Zhang2022HydroxylamineTemperature,
    title = {{Hydroxylamine metabolism in mainstream denitrifying ammonium oxidation (DEAMOX) process: Achieving fast start-up and robust operation with bio-augmentation assistance under ambient temperature}},
    year = {2022},
    journal = {Journal of Hazardous Materials},
    author = {Zhang, Xingxing and Zhang, Xiaonong and Wu, Peng and Ma, Liping and Chen, Junjiang and Wang, Chaochao and Li, Xiang and Liu, Wenru and Xu, Lezhong},
    month = {1},
    pages = {126736},
    volume = {421},
    publisher = {Elsevier},
    doi = {10.1016/J.JHAZMAT.2021.126736},
    issn = {0304-3894},
    pmid = {34333411},
    keywords = {Bioaugmented DEAMOX, Biological nitrogen removal, Fast start-up, Hydroxylamine (NH2OH) metabolism, Nitrite accumulation}
}

@article{Zhang2022IdentifyingCatalyst,
    title = {{Identifying and tailoring C–N coupling site for efficient urea synthesis over diatomic Fe–Ni catalyst}},
    year = {2022},
    journal = {Nature Communications 2022 13:1},
    author = {Zhang, Xiaoran and Zhu, Xiaorong and Bo, Shuowen and Chen, Chen and Qiu, Mengyi and Wei, Xiaoxiao and He, Nihan and Xie, Chao and Chen, Wei and Zheng, Jianyun and Chen, Pinsong and Jiang, San Ping and Li, Yafei and Liu, Qinghua and Wang, Shuangyin},
    number = {1},
    month = {9},
    pages = {1--9},
    volume = {13},
    publisher = {Nature Publishing Group},
    url = {https://www.nature.com/articles/s41467-022-33066-6},
    doi = {10.1038/s41467-022-33066-6},
    issn = {2041-1723},
    pmid = {36088335},
    keywords = {Chemical engineering, Electrocatalysis}
}

@article{Winter2020IdentifyingSynthesis,
    title = {{Identifying surface reaction intermediates in plasma catalytic ammonia synthesis}},
    year = {2020},
    journal = {ACS Catalysis},
    author = {Winter, Lea R. and Ashford, Bryony and Hong, Jungmi and Murphy, Anthony B. and Chen, Jingguang G.},
    number = {24},
    month = {12},
    pages = {14763--14774},
    volume = {10},
    publisher = {American Chemical Society},
    url = {https://pubs.acs.org/doi/abs/10.1021/acscatal.0c03166},
    doi = {10.1021/ACSCATAL.0C03166/SUPPL{\_}FILE/CS0C03166{\_}SI{\_}001.PDF},
    issn = {21555435},
    keywords = {Ammonia synthesis, Computational kinetic modeling, In situ surface characterization, Non-thermal plasma, Plasma catalysis}
}

@article{Wang2021IncreasingAlloying,
    title = {{Increasing electrocatalytic nitrate reduction activity by controlling adsorption through PtRu alloying}},
    year = {2021},
    journal = {Journal of Catalysis},
    author = {Wang, Zixuan and Young, Samuel D. and Goldsmith, Bryan R. and Singh, Nirala},
    month = {3},
    pages = {143--154},
    volume = {395},
    publisher = {Academic Press},
    doi = {10.1016/J.JCAT.2020.12.031},
    issn = {0021-9517},
    keywords = {Alloy catalysts, Ammonia, Nitrates, Volcano plot, Water pollution}
}

@article{Wang2021IncreasingAlloyingb,
    title = {{Increasing electrocatalytic nitrate reduction activity by controlling adsorption through PtRu alloying}},
    year = {2021},
    journal = {Journal of Catalysis},
    author = {Wang, Zixuan and Young, Samuel D. and Goldsmith, Bryan R. and Singh, Nirala},
    month = {3},
    pages = {143--154},
    volume = {395},
    publisher = {Academic Press},
    doi = {10.1016/J.JCAT.2020.12.031},
    issn = {0021-9517},
    keywords = {Alloy catalysts, Ammonia, Nitrates, Volcano plot, Water pollution}
}

@article{Katsounaros2008InfluenceIntermediates,
    title = {{Influence of nitrate concentration on its electrochemical reduction on tin cathode: Identification of reaction intermediates}},
    year = {2008},
    journal = {Electrochimica Acta},
    author = {Katsounaros, I. and Kyriacou, G.},
    number = {17},
    month = {7},
    pages = {5477--5484},
    volume = {53},
    publisher = {Pergamon},
    doi = {10.1016/J.ELECTACTA.2008.03.018},
    issn = {0013-4686},
    keywords = {Electrochemical, Hyponitrite, Intermediates, Nitrate reduction, Tin}
}

@article{Danilov2002InitialStudy,
    title = {{Initial Stages of Copper Electrocrystallization on a Glassy-Carbon Ring–Disk Electrode from Sulfate Electrolytes of Various Acidity: A Cyclic Voltammetry Study}},
    year = {2002},
    journal = {Russian Journal of Electrochemistry 2002 38:7},
    author = {Danilov, A. I. and Molodkina, E. B. and Polukarov, Yu M.},
    number = {7},
    month = {7},
    pages = {732--742},
    volume = {38},
    publisher = {Springer},
    url = {https://link.springer.com/article/10.1023/A:1016392515937},
    doi = {10.1023/A:1016392515937},
    issn = {1608-3342},
    keywords = {Electrochemistry, Physical Chemistry}
}

@article{Wang2021IntegratedElectrode,
    title = {{Integrated selective nitrite reduction to ammonia with tetrahydroisoquinoline semi-dehydrogenation over a vacancy-rich Ni bifunctional electrode}},
    year = {2021},
    journal = {Journal of Materials Chemistry A},
    author = {Wang, Changhong and Zhou, Wei and Sun, Zhaojun and Wang, Yuting and Zhang, Bin and Yu, Yifu},
    number = {1},
    month = {1},
    pages = {239--243},
    volume = {9},
    publisher = {Royal Society of Chemistry},
    url = {https://pubs.rsc.org/en/content/articlehtml/2021/ta/d0ta09590g https://pubs.rsc.org/en/content/articlelanding/2021/ta/d0ta09590g},
    doi = {10.1039/D0TA09590G},
    issn = {20507496}
}

@article{Zhe2022IntegratingWater,
    title = {{Integrating electrochemical sensor based on MoO3/Co3O4 heterostructure for highly sensitive sensing of nitrite in sausages and water}},
    year = {2022},
    journal = {Food Chemistry},
    author = {Zhe, Taotao and Li, Mingyan and Li, Fan and Li, Ruixia and Bai, Feier and Bu, Tong and Jia, Pei and Wang, Li},
    month = {1},
    pages = {130666},
    volume = {367},
    publisher = {Elsevier},
    doi = {10.1016/J.FOODCHEM.2021.130666},
    issn = {0308-8146},
    pmid = {34343805},
    keywords = {Carbon cloth, Electrocatalyst, Heterostructure, Nitrite}
}

@article{Xu2019IntramolecularSolutions,
    title = {{Intramolecular Hydrogen Bonding Facilitates Electrocatalytic Reduction of Nitrite in Aqueous Solutions}},
    year = {2019},
    journal = {Inorganic Chemistry},
    author = {Xu, Song and Kwon, Hyuk Yong and Ashley, Daniel C. and Chen, Chun Hsing and Jakubikova, Elena and Smith, Jeremy M.},
    number = {14},
    month = {6},
    pages = {9443--9451},
    volume = {58},
    publisher = {American Chemical Society},
    url = {https://pubs.acs.org/doi/full/10.1021/acs.inorgchem.9b01274},
    doi = {10.1021/ACS.INORGCHEM.9B01274/SUPPL{\_}FILE/IC9B01274{\_}SI{\_}002.PDF},
    issn = {1520510X},
    pmid = {31251052}
}

@article{Harmon2022IntrinsicReduction,
    title = {{Intrinsic Catalytic Activity of Carbon Nanotubes for Electrochemical Nitrate Reduction}},
    year = {2022},
    journal = {ACS Catalysis},
    author = {Harmon, Nia J. and Rooney, Conor L. and Tao, Zixu and Shang, Bo and Raychaudhuri, Neera and Choi, Chungseok and Li, Huaping and Wang, Hailiang},
    number = {15},
    month = {8},
    pages = {9135--9142},
    volume = {12},
    publisher = {American Chemical Society},
    url = {https://pubs.acs.org/doi/full/10.1021/acscatal.2c01144},
    doi = {10.1021/ACSCATAL.2C01144/ASSET/IMAGES/LARGE/CS2C01144{\_}0005.JPEG},
    issn = {21555435},
    keywords = {ammonia synthesis, carbon nanotubes, electrocatalysis, nitrate reduction, water treatment}
}

@article{Lei2020InvestigatingCO2Electroreduction,
    title = {{Investigating the Origin of Enhanced C2+Selectivity in Oxide-/Hydroxide-Derived Copper Electrodes during CO2Electroreduction}},
    year = {2020},
    journal = {Journal of the American Chemical Society},
    author = {Lei, Qiong and Zhu, Hui and Song, Kepeng and Wei, Nini and Liu, Lingmei and Zhang, Daliang and Yin, Jun and Dong, Xinglong and Yao, Kexin and Wang, Ning and Li, Xinghua and Davaasuren, Bambar and Wang, Jianjian and Han, Yu},
    number = {9},
    month = {3},
    pages = {4213--4222},
    volume = {142},
    publisher = {American Chemical Society},
    url = {https://pubs.acs.org/doi/abs/10.1021/jacs.9b11790},
    doi = {10.1021/JACS.9B11790/SUPPL{\_}FILE/JA9B11790{\_}SI{\_}001.PDF},
    issn = {15205126},
    pmid = {32041401}
}

@incollection{Veolia2022IonTesting,
    title = {{Ion Exchange, Water Demineralization {\&} Resin Testing}},
    year = {2022},
    booktitle = {Handbook of Industrial Water Treatment},
    author = {{Veolia}},
    chapter = {Chapter 8 },
    url = {https://www.watertechnologies.com/handbook/chapter-08-ion-exchange}
}

@article{Daya2022KineticCu-SSZ-13,
    title = {{Kinetic Model for the Reduction of CuII Sites by NO + NH3 and Reoxidation of NH3-Solvated CuI Sites by O2 and NO in Cu-SSZ-13}},
    year = {2022},
    journal = {ACS Catalysis},
    author = {Daya, Rohil and Trandal, Dylan and Menon, Unmesh and Deka, Dhruba J. and Partridge, William P. and Joshi, Saurabh Y.},
    month = {5},
    pages = {6418--6433},
    publisher = {American Chemical Society},
    url = {https://pubs.acs.org/doi/full/10.1021/acscatal.2c01076},
    doi = {10.1021/ACSCATAL.2C01076},
    issn = {2155-5435},
    keywords = {Cu-zeolites, OHC, RHC, SCR mechanism, hydrothermal aging, microkinetic model, redox, selective catalytic reduction}
}

@article{Abel1928KinetikSaure,
    title = {{Kinetik der salpetrigen S{\"{a}}ure}},
    year = {1928},
    journal = {Zeitschrift f{\"{u}}r Physikalische Chemie},
    author = {Abel, E. and Schmid, H.},
    number = {1},
    month = {8},
    pages = {430--436},
    volume = {136U},
    publisher = {Oldenbourg Wissenschaftsverlag},
    url = {https://www.degruyter.com/document/doi/10.1515/zpch-1928-13631/html},
    doi = {10.1515/ZPCH-1928-13631},
    issn = {2196-7156}
}

@article{Yang2020Low-CoordinateAmmonia,
    title = {{Low-Coordinate Step Atoms via Plasma-Assisted Calcinations to Enhance Electrochemical Reduction of Nitrogen to Ammonia}},
    year = {2020},
    journal = {Small},
    author = {Yang, Xiaohui and Ling, Faling and Zi, Xiangrong and Wang, Yanwei and Zhang, Han and Zhang, Huijuan and Zhou, Miao and Guo, Zaiping and Wang, Yu},
    number = {17},
    month = {4},
    pages = {2000421},
    volume = {16},
    publisher = {John Wiley {\&} Sons, Ltd},
    url = {https://onlinelibrary.wiley.com/doi/full/10.1002/smll.202000421 https://onlinelibrary.wiley.com/doi/abs/10.1002/smll.202000421 https://onlinelibrary.wiley.com/doi/10.1002/smll.202000421},
    doi = {10.1002/SMLL.202000421},
    issn = {1613-6829},
    pmid = {32227457},
    keywords = {assisted calcinations, iridium diphosphide, nanocrystals, nitrogen reduction, plasma, step atoms}
}

@article{Ransom2022MachineStates,
    title = {{Machine learning predictions of nitrate in groundwater used for drinking supply in the conterminous United States}},
    year = {2022},
    journal = {Science of The Total Environment},
    author = {Ransom, K. M. and Nolan, B. T. and Stackelberg, P. E. and Belitz, K. and Fram, M. S.},
    month = {2},
    pages = {151065},
    volume = {807},
    publisher = {Elsevier},
    doi = {10.1016/J.SCITOTENV.2021.151065},
    issn = {0048-9697},
    pmid = {34673076},
    keywords = {Equivalent population, Groundwater contamination, National Water Quality Assessment, Process-informed machine learning, Three-dimensional, XGBoost}
}

@article{Zhang2015ManagingDevelopment,
    title = {{Managing nitrogen for sustainable development}},
    year = {2015},
    journal = {Nature 2015 528:7580},
    author = {Zhang, Xin and Davidson, Eric A. and Mauzerall, Denise L. and Searchinger, Timothy D. and Dumas, Patrice and Shen, Ye},
    number = {7580},
    month = {11},
    pages = {51--59},
    volume = {528},
    publisher = {Nature Publishing Group},
    url = {https://www.nature.com/articles/nature15743},
    doi = {10.1038/nature15743},
    issn = {1476-4687},
    pmid = {26595273},
    keywords = {Biogeochemistry, Sustainability}
}

@article{Jung2021MaterialProduction,
    title = {{Material strategies in the electrochemical nitrate reduction reaction to ammonia production}},
    year = {2021},
    journal = {Materials Chemistry Frontiers},
    author = {Jung, Wonsang and Hwang, Yun Jeong},
    number = {18},
    month = {9},
    pages = {6803--6823},
    volume = {5},
    publisher = {Royal Society of Chemistry},
    url = {https://pubs.rsc.org/en/content/articlehtml/2021/qm/d1qm00456e https://pubs.rsc.org/en/content/articlelanding/2021/qm/d1qm00456e},
    doi = {10.1039/D1QM00456E},
    issn = {20521537}
}

@article{Liu2022MechanismSimulation,
    title = {{Mechanism of C-N bonds formation in electrocatalytic urea production revealed by ab initio molecular dynamics simulation}},
    year = {2022},
    journal = {Nature Communications 2022 13:1},
    author = {Liu, Xin and Jiao, Yan and Zheng, Yao and Jaroniec, Mietek and Qiao, Shi Zhang},
    number = {1},
    month = {9},
    pages = {1--9},
    volume = {13},
    publisher = {Nature Publishing Group},
    url = {https://www.nature.com/articles/s41467-022-33258-0},
    doi = {10.1038/s41467-022-33258-0},
    issn = {2041-1723},
    pmid = {36115872},
    keywords = {Computational chemistry, Density functional theory, Electrochemistry, Heterogeneous catalysis}
}

@article{Christianson2014MechanismElectrons,
    title = {{Mechanism of N 2 Reduction to NH 3 by Aqueous Solvated Electrons}},
    year = {2014},
    journal = {The Journal of Physical Chemistry B},
    author = {Christianson, Jeffrey R. and Zhu, Di and Hamers, Robert J. and Schmidt, J. R.},
    number = {1},
    month = {1},
    pages = {195--203},
    volume = {118},
    publisher = {American Chemical Society},
    url = {https://pubs.acs.org/doi/abs/10.1021/jp406535p https://pubs.acs.org/doi/10.1021/jp406535p},
    doi = {10.1021/jp406535p},
    issn = {1520-6106},
    pmid = {24320049}
}

@article{DeVooys2004MechanismsOxide,
    title = {{Mechanisms of electrochemical reduction and oxidation of nitric oxide}},
    year = {2004},
    journal = {Electrochimica Acta},
    author = {De Vooys, A. C.A. and Beltramo, G. L. and Van Riet, B. and Van Veen, J. A.R. and Koper, M. T.M.},
    number = {8},
    month = {3},
    pages = {1307--1314},
    volume = {49},
    publisher = {Pergamon},
    doi = {10.1016/J.ELECTACTA.2003.07.020},
    issn = {0013-4686},
    keywords = {Electrochemical reduction, Oxidation, Protonation}
}

@article{Clark2020MechanisticRhodium,
    title = {{Mechanistic insights into ph-controlled nitrite reduction to ammonia and hydrazine over rhodium}},
    year = {2020},
    journal = {ACS Catalysis},
    author = {Clark, Chelsea A. and Reddy, C. Prakash and Xu, Hao and Heck, Kimberly N. and Luo, Guohua and Senftle, Thomas P. and Wong, Michael S.},
    number = {1},
    month = {1},
    pages = {494--509},
    volume = {10},
    publisher = {American Chemical Society},
    url = {https://pubs.acs.org/doi/full/10.1021/acscatal.9b03239},
    doi = {10.1021/ACSCATAL.9B03239/SUPPL{\_}FILE/CS9B03239{\_}SI{\_}002.PDF},
    issn = {21555435},
    keywords = {Catalytic denitrification, Density functional theory, Hydrazine detection, Micro-kinetic model, Rhodium catalyst, Surface-enhanced raman spectroscopy}
}

@article{Clark2020MechanisticRhodiumb,
    title = {{Mechanistic insights into ph-controlled nitrite reduction to ammonia and hydrazine over rhodium}},
    year = {2020},
    journal = {ACS Catalysis},
    author = {Clark, Chelsea A. and Reddy, C. Prakash and Xu, Hao and Heck, Kimberly N. and Luo, Guohua and Senftle, Thomas P. and Wong, Michael S.},
    number = {1},
    month = {1},
    pages = {494--509},
    volume = {10},
    publisher = {American Chemical Society},
    url = {https://pubs.acs.org/doi/full/10.1021/acscatal.9b03239},
    doi = {10.1021/ACSCATAL.9B03239/SUPPL{\_}FILE/CS9B03239{\_}SI{\_}002.PDF},
    issn = {21555435},
    keywords = {Catalytic denitrification, Density functional theory, Hydrazine detection, Micro-kinetic model, Rhodium catalyst, Surface-enhanced raman spectroscopy}
}

@article{DeVooys2001MechanisticElectrodes,
    title = {{Mechanistic Study on the Electrocatalytic Reduction of Nitric Oxide on Transition-Metal Electrodes}},
    year = {2001},
    journal = {Journal of Catalysis},
    author = {De Vooys, A. C.A. and Koper, M. T.M. and Van Santen, R. A. and Van Veen, J. A.R.},
    number = {2},
    month = {9},
    pages = {387--394},
    volume = {202},
    publisher = {Academic Press},
    doi = {10.1006/JCAT.2001.3275},
    issn = {0021-9517},
    keywords = {Differential electrochemical mass spectroscopy, Electrocatalysis, NO reduction, Transition metals}
}

@article{Yang2022Metal-organicNitrite,
    title = {{Metal-organic framework derived rod-like Co@carbon for electrochemical detection of nitrite}},
    year = {2022},
    journal = {Journal of Alloys and Compounds},
    author = {Yang, Zhengfei and Zhou, Xinyong and Yin, Yongqi and Xue, Huaiguo and Fang, Weiming},
    month = {8},
    pages = {164915},
    volume = {911},
    publisher = {Elsevier},
    doi = {10.1016/J.JALLCOM.2022.164915},
    issn = {0925-8388},
    keywords = {Electrochemical sensor, Low-dimensional, Metal-organic framework, Nitrite, Rod-like structure, Zeolitic imidazole framework}
}

@article{Wang2021Metasequoia-likeMedia,
    title = {{Metasequoia-like Nanocrystal of Iron-Doped Copper for Efficient Electrocatalytic Nitrate Reduction into Ammonia in Neutral Media}},
    year = {2021},
    journal = {ChemSusChem},
    author = {Wang, Changhong and Liu, Zhengyang and Hu, Tao and Li, Jingsha and Dong, Liuqi and Du, Feng and Li, Changming and Guo, Chunxian},
    number = {8},
    month = {4},
    pages = {1825--1829},
    volume = {14},
    publisher = {John Wiley {\&} Sons, Ltd},
    url = {https://onlinelibrary.wiley.com/doi/full/10.1002/cssc.202100127 https://onlinelibrary.wiley.com/doi/abs/10.1002/cssc.202100127 https://chemistry-europe.onlinelibrary.wiley.com/doi/full/10.1002/cssc.202100127},
    doi = {10.1002/CSSC.202100127},
    issn = {1864-564X},
    pmid = {33624381},
    keywords = {ammonia, doped copper, electrocatalysis, electronic structure, iron, nitrate reduction}
}

@article{Wang2021Metasequoia-likeMediab,
    title = {{Metasequoia-like Nanocrystal of Iron-Doped Copper for Efficient Electrocatalytic Nitrate Reduction into Ammonia in Neutral Media}},
    year = {2021},
    journal = {ChemSusChem},
    author = {Wang, Changhong and Liu, Zhengyang and Hu, Tao and Li, Jingsha and Dong, Liuqi and Du, Feng and Li, Changming and Guo, Chunxian},
    number = {8},
    month = {4},
    pages = {1825--1829},
    volume = {14},
    publisher = {John Wiley {\&} Sons, Ltd},
    url = {https://onlinelibrary.wiley.com/doi/full/10.1002/cssc.202100127 https://onlinelibrary.wiley.com/doi/abs/10.1002/cssc.202100127 https://chemistry-europe.onlinelibrary.wiley.com/doi/full/10.1002/cssc.202100127?saml_referrer=},
    doi = {10.1002/CSSC.202100127},
    issn = {1864-564X},
    pmid = {33624381},
    keywords = {ammonia, doped copper, electrocatalysis, electronic structure, iron, nitrate reduction}
}

@article{Iriawan2021MethodsOxidation,
    title = {{Methods for nitrogen activation by reduction and oxidation}},
    year = {2021},
    journal = {Nature Reviews Methods Primers},
    author = {Iriawan, Haldrian and Andersen, Suzanne Z. and Zhang, Xilun and Comer, Benjamin M. and Barrio, Jesús and Chen, Ping and Medford, Andrew J. and Stephens, Ifan E. L. and Chorkendorff, Ib and Shao-Horn, Yang},
    number = {1},
    month = {12},
    pages = {56},
    volume = {1},
    publisher = {Nature Publishing Group},
    url = {https://www.nature.com/articles/s43586-021-00053-y},
    doi = {10.1038/s43586-021-00053-y},
    issn = {2662-8449},
    keywords = {Electrocatalysis, Heterogeneous catalysis, Materials for energy and catalysis}
}

@article{U.S.EIA2023MonthlyReview,
    title = {{Monthly Energy Review}},
    year = {2023},
    journal = {Monthly Energy Review},
    author = {{U.S. EIA}},
    number = {Junli},
    pages = {1--278},
    volume = {0035},
    url = {www.eia.gov/mer},
    keywords = {biofuels, carbon emissions, coal, consumption, electricity, energy, energy prices, hydroelectric, international energy, natural gas, nuclear, overview, petroleum, renewable energy}
}

@article{EnergyInformationAdministration2022Monthly2022,
    title = {{Monthly Energy Review – November 2022}},
    year = {2022},
    author = {Energy Information Administration, Us},
    url = {www.eia.gov/mer},
    isbn = {0035(2022/11},
    keywords = {biofuels, carbon emissions, coal, consumption, electricity, energy, energy prices, hydroelectric, international energy, natural gas, nuclear, overview, petroleum, renewable energy}
}

@article{Zhao2021N-dopedReaction,
    title = {{N-doped graphene as an efficient metal-free electrocatalyst for indirect nitrate reduction reaction}},
    year = {2021},
    journal = {Nanomaterials},
    author = {Zhao, Jujiao and Shang, Bo and Zhai, Jun},
    number = {9},
    month = {9},
    pages = {2418},
    volume = {11},
    publisher = {MDPI},
    url = {https://www.mdpi.com/2079-4991/11/9/2418/htm https://www.mdpi.com/2079-4991/11/9/2418},
    doi = {10.3390/NANO11092418/S1},
    issn = {20794991},
    keywords = {N-doped graphene, Nitrate reduction reaction, Pyridinic-N}
}

@article{Li2022NiAmmonia,
    title = {{Ni nanoparticle-decorated biomass carbon for efficient electrocatalytic nitrite reduction to ammonia}},
    year = {2022},
    journal = {Nanoscale},
    author = {Li, Xiuhong and Li, Zerong and Zhang, Longcheng and Zhao, Donglin and Li, Jun and Sun, Shengjun and Xie, Lisi and Liu, Qian and Alshehri, Abdulmohsen Ali and Luo, Yonglan and Liao, Yunwen and Kong, Qingquan and Sun, Xuping},
    number = {36},
    month = {9},
    pages = {13073--13077},
    volume = {14},
    publisher = {Royal Society of Chemistry},
    url = {https://pubs.rsc.org/en/content/articlehtml/2022/nr/d2nr03540e https://pubs.rsc.org/en/content/articlelanding/2022/nr/d2nr03540e},
    doi = {10.1039/D2NR03540E},
    issn = {20403372},
    pmid = {36069959}
}

@article{Wen2022Ni2PConditions,
    title = {{Ni2P nanosheet array for high-efficiency electrohydrogenation of nitrite to ammonia at ambient conditions}},
    year = {2022},
    journal = {Journal of Colloid and Interface Science},
    author = {Wen, Guilai and Liang, Jie and Zhang, Longcheng and Li, Tingshuai and Liu, Qian and An, Xuguang and Shi, Xifeng and Liu, Yang and Gao, Shuyan and Asiri, Abdullah M. and Luo, Yonglan and Kong, Qingquan and Sun, Xuping},
    month = {1},
    pages = {1055--1063},
    volume = {606},
    publisher = {Academic Press},
    doi = {10.1016/J.JCIS.2021.08.050},
    issn = {0021-9797},
    pmid = {34487928},
    keywords = {Ambient NH3 synthesis, Density functional theory, Electrocatalysis, Ni2P nanoarray, Nitrite reduction reaction}
}

@article{Wang2021NitrateChallenges,
    title = {{Nitrate electroreduction: mechanism insight, in situ characterization, performance evaluation, and challenges}},
    year = {2021},
    journal = {Chemical Society Reviews},
    author = {Wang, Yuting and Wang, Changhong and Li, Mengyang and Yu, Yifu and Zhang, Bin},
    number = {12},
    month = {6},
    pages = {6720--6733},
    volume = {50},
    publisher = {The Royal Society of Chemistry},
    url = {https://pubs.rsc.org/en/content/articlehtml/2021/cs/d1cs00116g https://pubs.rsc.org/en/content/articlelanding/2021/cs/d1cs00116g},
    doi = {10.1039/D1CS00116G},
    issn = {1460-4744},
    pmid = {33969861}
}

@article{Daiyan2021NitrateFeasibility,
    title = {{Nitrate reduction to ammonium: from CuO defect engineering to waste NOx-to-NH3 economic feasibility}},
    year = {2021},
    journal = {Energy {\&} Environmental Science},
    author = {Daiyan, Rahman and Tran-Phu, Thanh and Kumar, Priyank and Iputera, Kevin and Tong, Zizheng and Leverett, Joshua and Khan, Muhammad Haider Ali and Asghar Esmailpour, Ali and Jalili, Ali and Lim, Maggie and Tricoli, Antonio and Liu, Ru Shi and Lu, Xunyu and Lovell, Emma and Amal, Rose},
    number = {6},
    month = {6},
    pages = {3588--3598},
    volume = {14},
    publisher = {The Royal Society of Chemistry},
    url = {https://pubs.rsc.org/en/content/articlehtml/2021/ee/d1ee00594d https://pubs.rsc.org/en/content/articlelanding/2021/ee/d1ee00594d},
    doi = {10.1039/D1EE00594D},
    issn = {1754-5706}
}

@article{Rezvani2017NitrateReview,
    title = {{Nitrate removal from drinking water with a focus on biological methods: a review}},
    year = {2017},
    journal = {Environmental Science and Pollution Research 2017 26:2},
    author = {Rezvani, Fariba and Sarrafzadeh, Mohammad Hossein and Ebrahimi, Sirous and Oh, Hee Mock},
    number = {2},
    month = {5},
    pages = {1124--1141},
    volume = {26},
    publisher = {Springer},
    url = {https://link.springer.com/article/10.1007/s11356-017-9185-0},
    doi = {10.1007/S11356-017-9185-0},
    issn = {1614-7499},
    pmid = {28567682},
    keywords = {Atmospheric Protection/Air Quality Control/Air Pol, Ecotoxicology, Environment, Environmental Chemistry, Environmental Health, Waste Water Technology / Water Pollution Control /, general}
}

@article{Liu2022NitriteSynthesis,
    title = {{Nitrite reduction over Ag nanoarray electrocatalyst for ammonia synthesis}},
    year = {2022},
    journal = {Journal of Colloid and Interface Science},
    author = {Liu, Qian and Wen, Guilai and Zhao, Donglin and Xie, Lisi and Sun, Shengjun and Zhang, Longcheng and Luo, Yongsong and Ali Alshehri, Abdulmohsen and Hamdy, Mohamed S. and Kong, Qingquan and Sun, Xuping},
    month = {10},
    pages = {513--519},
    volume = {623},
    publisher = {Academic Press},
    doi = {10.1016/J.JCIS.2022.04.173},
    issn = {0021-9797},
    pmid = {35597020},
    keywords = {Ag nanoarray, Ammonia synthesis, Electrocatalysis, NiO nanosheets, Nitrite reduction reaction}
}

@article{Tao2019NitrogenReduction,
    title = {{Nitrogen Fixation by Ru Single-Atom Electrocatalytic Reduction}},
    year = {2019},
    journal = {Chem},
    author = {Tao, Hengcong and Choi, Changhyeok and Ding, Liang Xin and Jiang, Zheng and Han, Zishan and Jia, Mingwen and Fan, Qun and Gao, Yunnan and Wang, Haihui and Robertson, Alex W. and Hong, Song and Jung, Yousung and Liu, Shizhen and Sun, Zhenyu},
    number = {1},
    month = {1},
    pages = {204--214},
    volume = {5},
    publisher = {Cell Press},
    doi = {10.1016/J.CHEMPR.2018.10.007},
    issn = {2451-9294},
    keywords = {N2 reduction, SDG7: Affordable and clean energy, ammonia, electrochemistry, ruthenium, single sites}
}

@article{Kelly2021NitrogenPlasma,
    title = {{Nitrogen fixation in an electrode-free microwave plasma}},
    year = {2021},
    journal = {Joule},
    author = {Kelly, Seán and Bogaerts, Annemie},
    number = {11},
    month = {11},
    pages = {3006--3030},
    volume = {5},
    publisher = {Cell Press},
    doi = {10.1016/J.JOULE.2021.09.009},
    issn = {2542-4351},
    keywords = {Zeldovich mechanism, air microwave plasma, plasma NOx production, plasma-based N2 fixation, plasma-based gas conversion, plasma-produced fertilizer}
}

@article{Ma2022ObservationCatalyst,
    title = {{Observation and rationalization of nitrogen oxidation enabled only by coupled plasma and catalyst}},
    year = {2022},
    journal = {Nature Communications 2022 13:1},
    author = {Ma, Hanyu and Sharma, Rakesh K. and Welzel, Stefan and van de Sanden, Mauritius C. M. and Tsampas, Mihalis N. and Schneider, William F.},
    number = {1},
    month = {1},
    pages = {1--10},
    volume = {13},
    publisher = {Nature Publishing Group},
    url = {https://www.nature.com/articles/s41467-021-27912-2},
    doi = {10.1038/s41467-021-27912-2},
    issn = {2041-1723},
    keywords = {Chemical engineering, Heterogeneous catalysis, Reaction mechanisms}
}

@article{Fick1995OnDiffusion,
    title = {{On liquid diffusion}},
    year = {1995},
    journal = {Journal of Membrane Science},
    author = {Fick, Adolph},
    number = {1},
    month = {3},
    pages = {33--38},
    volume = {100},
    publisher = {Elsevier},
    doi = {10.1016/0376-7388(94)00230-V},
    issn = {0376-7388}
}

@article{Katsounaros2021OnReduction,
    title = {{On the assessment of electrocatalysts for nitrate reduction}},
    year = {2021},
    journal = {Current Opinion in Electrochemistry},
    author = {Katsounaros, Ioannis},
    month = {8},
    pages = {100721},
    volume = {28},
    publisher = {Elsevier},
    doi = {10.1016/J.COELEC.2021.100721},
    issn = {2451-9103},
    keywords = {Analytical methods, Cell design, Electrolyte effects, Local pH, Nitrate electroreduction, Product determination, Selectivity characterization, Testing protocols}
}

@article{Lange2013OnAcid,
    title = {{On the kinetics of the nitrate reduction in concentrated nitric acid}},
    year = {2013},
    journal = {Electrochemistry Communications},
    author = {Lange, Ronny and Maisonhaute, Emmanuel and Robin, Raphaël and Vivier, Vincent},
    month = {4},
    pages = {25--28},
    volume = {29},
    publisher = {Elsevier},
    doi = {10.1016/J.ELECOM.2013.01.005},
    issn = {1388-2481},
    keywords = {Autocatalysis, Chronoamperometry, Nitrate reduction, Nitric acid}
}

@article{Lymar2005One-electronRevision,
    title = {{One-electron reduction of aqueous nitric oxide: A mechanistic revision}},
    year = {2005},
    journal = {Inorganic Chemistry},
    author = {Lymar, Sergei V. and Shafirovich, Vladimir and Poskrebyshev, Gregory A.},
    number = {15},
    month = {7},
    pages = {5212--5221},
    volume = {44},
    publisher = { American Chemical Society },
    url = {https://pubs.acs.org/doi/full/10.1021/ic0501317},
    doi = {10.1021/IC0501317/ASSET/IMAGES/LARGE/IC0501317F00012.JPEG},
    issn = {00201669},
    pmid = {16022518}
}

@article{Malkani2019OperandoReduction,
    title = {{Operando Spectroscopic Investigations of Copper and Oxide-Derived Copper Catalysts for Electrochemical CO Reduction}},
    year = {2019},
    journal = {ACS Catalysis},
    author = {Malkani, Arnav S. and Dunwell, Marco and Xu, Bingjun},
    number = {1},
    month = {1},
    pages = {474--478},
    volume = {9},
    publisher = {American Chemical Society},
    url = {https://pubs.acs.org/doi/abs/10.1021/acscatal.8b04269},
    doi = {10.1021/ACSCATAL.8B04269/SUPPL{\_}FILE/CS8B04269{\_}SI{\_}001.PDF},
    issn = {21555435},
    keywords = {ATR-SEIRAS, CO reduction, C−C coupling, copper, electrochemistry, operando study, oxide-derived copper}
}

@article{Niu2022OptimizingAmmonia,
    title = {{Optimizing Oxidation State of Octahedral Copper for Boosting Electroreduction Nitrate to Ammonia}},
    year = {2022},
    journal = {ACS Applied Energy Materials},
    author = {Niu, Zhaodong and Fan, Shiying and Li, Xinyong and Wang, Penglei and Tad{\'{e}}, Moses O. and Liu, Shaomin},
    number = {3},
    month = {3},
    pages = {3339--3345},
    volume = {5},
    publisher = {American Chemical Society},
    url = {https://pubs.acs.org/doi/abs/10.1021/acsaem.1c03969},
    doi = {10.1021/ACSAEM.1C03969},
    issn = {2574-0962},
    keywords = {ammonia, copper nanoparticles, electrocatalytic, nitrate reduction, oxygen species}
}

@article{Mehta2018OvercomingCatalysis,
    title = {{Overcoming ammonia synthesis scaling relations with plasma-enabled catalysis}},
    year = {2018},
    journal = {Nature Catalysis 2018 1:4},
    author = {Mehta, Prateek and Barboun, Patrick and Herrera, Francisco A. and Kim, Jongsik and Rumbach, Paul and Go, David B. and Hicks, Jason C. and Schneider, William F.},
    number = {4},
    month = {4},
    pages = {269--275},
    volume = {1},
    publisher = {Nature Publishing Group},
    url = {https://www.nature.com/articles/s41929-018-0045-1},
    doi = {10.1038/s41929-018-0045-1},
    issn = {2520-1158},
    keywords = {Catalytic mechanisms, Computational chemistry, Heterogeneous catalysis, Reaction kinetics and dynamics}
}

@article{Meng2022Oxide-DerivedWater,
    title = {{Oxide-Derived Core-Shell Cu@Zn Nanowires for Urea Electrosynthesis from Carbon Dioxide and Nitrate in Water}},
    year = {2022},
    journal = {ACS Nano},
    author = {Meng, Nannan and Ma, Xiaomin and Wang, Changhong and Wang, Yuting and Yang, Rong and Shao, Jiang and Huang, Yanmei and Xu, Yue and Zhang, Bin and Yu, Yifu},
    number = {6},
    month = {6},
    pages = {9095--9104},
    volume = {16},
    publisher = {American Chemical Society},
    url = {https://pubs.acs.org/doi/full/10.1021/acsnano.2c01177},
    doi = {10.1021/ACSNANO.2C01177/ASSET/IMAGES/MEDIUM/NN2C01177{\_}M006.GIF},
    issn = {1936086X},
    keywords = {Cu@Zn, core-shell structure, reaction pathway, theoretical calculation, urea electrosynthesis}
}

@article{Cao2020OxygenUrea,
    title = {{Oxygen vacancies enhanced cooperative electrocatalytic reduction of carbon dioxide and nitrite ions to urea}},
    year = {2020},
    journal = {Journal of Colloid and Interface Science},
    author = {Cao, Na and Quan, Yueli and Guan, Anxiang and Yang, Chao and Ji, Yali and Zhang, Lijuan and Zheng, Gengfeng},
    month = {10},
    pages = {109--114},
    volume = {577},
    publisher = {Academic Press},
    doi = {10.1016/J.JCIS.2020.05.014},
    issn = {0021-9797},
    pmid = {32473474},
    keywords = {Carbon dioxide, Cu doping, Electroreduction, Nitrite ion, Oxygen vacancy}
}

@article{Wei2022OxygenSynthesis,
    title = {{Oxygen Vacancy-Mediated Selective C-N Coupling toward Electrocatalytic Urea Synthesis}},
    year = {2022},
    journal = {Journal of the American Chemical Society},
    author = {Wei, Xiaoxiao and Wen, Xiaojian and Liu, Yingying and Chen, Chen and Xie, Chao and Wang, Dongdong and Qiu, Mengyi and He, Nihan and Zhou, Peng and Chen, Wei and Cheng, Jun and Lin, Hongzhen and Jia, Jianfeng and Fu, Xian Zhu and Wang, Shuangyin},
    number = {26},
    month = {7},
    pages = {11530--11535},
    volume = {144},
    publisher = {American Chemical Society},
    url = {https://pubs.acs.org/doi/full/10.1021/jacs.2c03452},
    doi = {10.1021/JACS.2C03452/ASSET/IMAGES/LARGE/JA2C03452{\_}0004.JPEG},
    issn = {15205126},
    pmid = {35748598}
}

@article{Troutman2020PdAgWater,
    title = {{PdAg Alloy Nanocatalysts: Toward Economically Viable Nitrite Reduction in Drinking Water}},
    year = {2020},
    journal = {ACS Catalysis},
    author = {Troutman, Jacob P. and Li, Hao and Haddix, Alison M. and Kienzle, Benjamin A. and Henkelman, Graeme and Humphrey, Simon M. and Werth, Charles J.},
    number = {14},
    month = {7},
    pages = {7979--7989},
    volume = {10},
    publisher = {American Chemical Society},
    url = {https://pubs.acs.org/doi/full/10.1021/acscatal.0c01538},
    doi = {10.1021/ACSCATAL.0C01538/ASSET/IMAGES/MEDIUM/CS0C01538{\_}M008.GIF},
    issn = {21555435},
    keywords = {density functional theory (DFT), microwave synthesis, nitrite reduction, palladium-silver alloys, seminoble metal catalysts, water treatment}
}

@article{Lim2022PdCuNitrogen,
    title = {{PdCu Electrocatalysts for Selective Nitrate and Nitrite Reduction to Nitrogen}},
    year = {2022},
    journal = {ACS Catalysis},
    author = {Lim, Jeonghoon and Chen, Yu and Cullen, David A. and Lee, Seung Woo and Senftle, Thomas P. and Hatzell, Marta C.},
    month = {12},
    pages = {87--98},
    publisher = {American Chemical Society},
    url = {https://pubs.acs.org/doi/full/10.1021/acscatal.2c04841},
    doi = {10.1021/ACSCATAL.2C04841},
    issn = {2155-5435},
    keywords = {Electrocatalysis, Nanocrystal, Nitrate reduction, Nitrite reduction, Palladium}
}

@article{Zheng1999PhotoinducedSurface,
    title = {{Photoinduced Electrochemical Reduction of Nitrite at an Electrochemically Roughened Silver Surface}},
    year = {1999},
    journal = {Journal of Physical Chemistry B},
    author = {Zheng, Junwei and Lu, Tianhong and Cotton, Therese M. and Chumanov, George},
    number = {31},
    month = {8},
    pages = {6567--6572},
    volume = {103},
    publisher = {American Chemical Society},
    url = {https://pubs.acs.org/doi/full/10.1021/jp990928h},
    doi = {10.1021/JP990928H/ASSET/IMAGES/LARGE/JP990928HF00012.JPEG},
    issn = {15206106}
}

@article{Medford2017Photon-DrivenOutlook,
    title = {{Photon-Driven Nitrogen Fixation: Current Progress, Thermodynamic Considerations, and Future Outlook}},
    year = {2017},
    journal = {ACS Catalysis},
    author = {Medford, Andrew J. and Hatzell, Marta C.},
    number = {4},
    month = {4},
    pages = {2624--2643},
    volume = {7},
    publisher = {American Chemical Society},
    url = {https://pubs.acs.org/doi/abs/10.1021/acscatal.7b00439},
    doi = {10.1021/ACSCATAL.7B00439},
    issn = {21555435},
    keywords = {ammonia, fertilizer, nitrogen fixation, photocatalysis, photogeochemistry, solar fuel, titania}
}

@article{Sharma2021PlasmaWater,
    title = {{Plasma Activated Electrochemical Ammonia Synthesis from Nitrogen and Water}},
    year = {2021},
    journal = {ACS Energy Letters},
    author = {Sharma, Rakesh K. and Patel, Hrishikesh and Mushtaq, Usman and Kyriakou, Vasileios and Zafeiropoulos, Georgios and Peeters, Floran and Welzel, Stefan and Van De Sanden, Mauritius C.M. and Tsampas, Mihalis N.},
    number = {2},
    month = {2},
    pages = {313--319},
    volume = {6},
    publisher = {American Chemical Society},
    url = {https://pubs.acs.org/doi/abs/10.1021/acsenergylett.0c02349},
    doi = {10.1021/ACSENERGYLETT.0C02349/SUPPL{\_}FILE/NZ0C02349{\_}SI{\_}001.PDF},
    issn = {23808195}
}

@article{Hong2017PlasmaProgress,
    title = {{Plasma Catalysis as an Alternative Route for Ammonia Production: Status, Mechanisms, and Prospects for Progress}},
    year = {2017},
    journal = {ACS Sustainable Chemistry and Engineering},
    author = {Hong, Jungmi and Prawer, Steven and Murphy, Anthony B.},
    number = {1},
    month = {1},
    pages = {15--31},
    volume = {6},
    publisher = {American Chemical Society},
    url = {https://pubs.acs.org/doi/abs/10.1021/acssuschemeng.7b02381},
    doi = {10.1021/ACSSUSCHEMENG.7B02381},
    issn = {21680485},
    keywords = {Ammonia production, Haber−Bosch process alternatives, Nonequilibrium atmospheric-pressure plasma, Plasma catalysis, Plasma chemistry, Plasma−surface interactions}
}

@incollection{Whitehead2019PlasmaHistory,
    title = {{Plasma Catalysis: Introduction and History}},
    year = {2019},
    author = {Whitehead, J. Christopher},
    pages = {1--19},
    url = {http://link.springer.com/10.1007/978-3-030-05189-1_1},
    doi = {10.1007/978-3-030-05189-1{\_}1}
}

@article{Kang2019Plasma-etchingAmmonia,
    title = {{Plasma-etching enhanced titanium oxynitride active phase with high oxygen content for ambient electrosynthesis of ammonia}},
    year = {2019},
    journal = {Electrochemistry Communications},
    author = {Kang, Shenghong and Wang, Jialu and Zhang, Shengbo and Zhao, Cuijiao and Wang, Guozhong and Cai, Weiping and Zhang, Haimin},
    month = {3},
    pages = {90--95},
    volume = {100},
    publisher = {Elsevier},
    doi = {10.1016/J.ELECOM.2019.01.028},
    issn = {1388-2481},
    keywords = {Mars–van Krevelen mechanism, Nitrogen (N 2 ) reduction reaction (NRR), Plasma-etching, Titanium nitride (TiN)}
}

@article{Hochman2020PotentialAmmonia,
    title = {{Potential Economic Feasibility of Direct Electrochemical Nitrogen Reduction as a Route to Ammonia}},
    year = {2020},
    journal = {ACS Sustainable Chemistry and Engineering},
    author = {Hochman, Gal and Goldman, Alan S. and Felder, Frank A. and Mayer, James M. and Miller, Alexander J.M. and Holland, Patrick L. and Goldman, Leo A. and Manocha, Patricia and Song, Ze and Aleti, Saketh},
    number = {24},
    month = {6},
    pages = {8938--8948},
    volume = {8},
    publisher = {American Chemical Society},
    url = {https://pubs.acs.org/doi/full/10.1021/acssuschemeng.0c01206},
    doi = {10.1021/ACSSUSCHEMENG.0C01206/SUPPL{\_}FILE/SC0C01206{\_}SI{\_}002.XLSX},
    issn = {21680485},
    keywords = {ammonia, dynamic electricity pricing, electrochemical nitrogen reduction, sustainable fertilizer production, sustainable nitrogen fixation}
}

@article{Min2021PoweringReduction,
    title = {{Powering the Remediation of the Nitrogen Cycle: Progress and Perspectives of Electrochemical Nitrate Reduction}},
    year = {2021},
    journal = {Industrial and Engineering Chemistry Research},
    author = {Min, Bokki and Gao, Qiang and Yan, Zihao and Han, Xue and Hosmer, Kait and Campbell, Alayna and Zhu, Huiyuan},
    number = {41},
    month = {10},
    pages = {14635--14650},
    volume = {60},
    publisher = {American Chemical Society},
    url = {https://pubs.acs.org/doi/full/10.1021/acs.iecr.1c03072},
    doi = {10.1021/ACS.IECR.1C03072/ASSET/IMAGES/LARGE/IE1C03072{\_}0007.JPEG},
    issn = {15205045}
}

@article{Nitopi2019ProgressElectrolyte,
    title = {{Progress and Perspectives of Electrochemical CO2 Reduction on Copper in Aqueous Electrolyte}},
    year = {2019},
    journal = {Chemical Reviews},
    author = {Nitopi, Stephanie and Bertheussen, Erlend and Scott, Soren B. and Liu, Xinyan and Engstfeld, Albert K. and Horch, Sebastian and Seger, Brian and Stephens, Ifan E.L. and Chan, Karen and Hahn, Christopher and N{\o}rskov, Jens K. and Jaramillo, Thomas F. and Chorkendorff, Ib},
    number = {12},
    month = {6},
    pages = {7610--7672},
    volume = {119},
    publisher = {American Chemical Society},
    url = {https://pubs.acs.org/doi/full/10.1021/acs.chemrev.8b00705},
    doi = {10.1021/ACS.CHEMREV.8B00705/ASSET/IMAGES/MEDIUM/CR-2018-00705P{\_}0030.GIF},
    issn = {15206890},
    pmid = {31117420}
}

@article{Resasco2017PromoterDioxide,
    title = {{Promoter Effects of Alkali Metal Cations on the Electrochemical Reduction of Carbon Dioxide}},
    year = {2017},
    journal = {Journal of the American Chemical Society},
    author = {Resasco, Joaquin and Chen, Leanne D. and Clark, Ezra and Tsai, Charlie and Hahn, Christopher and Jaramillo, Thomas F. and Chan, Karen and Bell, Alexis T.},
    number = {32},
    month = {8},
    pages = {11277--11287},
    volume = {139},
    publisher = {American Chemical Society},
    url = {https://pubs.acs.org/doi/full/10.1021/jacs.7b06765},
    doi = {10.1021/JACS.7B06765/ASSET/IMAGES/LARGE/JA-2017-067656{\_}0011.JPEG},
    issn = {15205126},
    pmid = {28738673}
}

@article{Yu2020PromotingContacts,
    title = {{Promoting selective electroreduction of nitrates to ammonia over electron-deficient Co modulated by rectifying Schottky contacts}},
    year = {2020},
    journal = {Science China Chemistry 2020 63:10},
    author = {Yu, Yu and Wang, Changhong and Yu, Yifu and Wang, Yuting and Zhang, Bin},
    number = {10},
    month = {7},
    pages = {1469--1476},
    volume = {63},
    publisher = {Springer},
    url = {https://link.springer.com/article/10.1007/s11426-020-9795-x},
    doi = {10.1007/S11426-020-9795-X},
    issn = {1869-1870},
    keywords = {Chemistry/Food Science, electron deficient Co, general, high selectivity, nitrate reduction}
}

@article{Comer2019ProspectsFertilizers,
    title = {{Prospects and Challenges for Solar Fertilizers}},
    year = {2019},
    journal = {Joule},
    author = {Comer, Benjamin M. and Fuentes, Porfirio and Dimkpa, Christian O. and Liu, Yu Hsuan and Fernandez, Carlos A. and Arora, Pratham and Realff, Matthew and Singh, Upendra and Hatzell, Marta C. and Medford, Andrew J.},
    number = {7},
    month = {7},
    pages = {1578--1605},
    volume = {3},
    publisher = {Cell Press},
    doi = {10.1016/J.JOULE.2019.05.001},
    issn = {2542-4351},
    keywords = {agronomics, ammonia, electrochemistry, nitrogen, photocatalysis, sustainability}
}

@article{Sahraie2015QuantifyingCatalysts,
    title = {{Quantifying the density and utilization of active sites in non-precious metal oxygen electroreduction catalysts}},
    year = {2015},
    journal = {Nature Communications 2015 6:1},
    author = {Sahraie, Nastaran Ranjbar and Kramm, Ulrike I. and Steinberg, Julian and Zhang, Yuanjian and Thomas, Arne and Reier, Tobias and Paraknowitsch, Jens Peter and Strasser, Peter},
    number = {1},
    month = {10},
    pages = {1--9},
    volume = {6},
    publisher = {Nature Publishing Group},
    url = {https://www.nature.com/articles/ncomms9618},
    doi = {10.1038/ncomms9618},
    issn = {2041-1723},
    keywords = {Catalysis, Chemical physics, Electrochemistry}
}

@article{Zhang2020RapidNitrite,
    title = {{Rapid synthesis of cypress-like CuO nanomaterials and CuO/MWCNTs composites for ultra-high sensitivity electrochemical sensing of nitrite}},
    year = {2020},
    journal = {Microchemical Journal},
    author = {Zhang, Guangliang and Pan, Peng and Yang, Zhengchun and Niu, Huimin and Liu, Jun and Zhang, Cong and Meng, Jiaojie and Song, Yanfei and Bao, Qiwen and Wei, Jun and Li, Gang and Liao, Zhenyu},
    month = {12},
    pages = {105439},
    volume = {159},
    publisher = {Elsevier},
    doi = {10.1016/J.MICROC.2020.105439},
    issn = {0026-265X},
    keywords = {Cypress-like CuO, Electrochemical sensor, High sensitivity, Nitrite detection, Printed electrode}
}

@article{Klippenstein2013RateReaction,
    title = {{Rate constant and branching fraction for the NH2 + NO 2 reaction}},
    year = {2013},
    journal = {Journal of Physical Chemistry A},
    author = {Klippenstein, Stephen J. and Harding, Lawrence B. and Glarborg, Peter and Gao, Yide and Hu, Huanzhen and Marshall, Paul},
    number = {37},
    month = {9},
    pages = {9011--9022},
    volume = {117},
    publisher = {American Chemical Society},
    url = {https://pubs.acs.org/doi/full/10.1021/jp4068069},
    doi = {10.1021/JP4068069/SUPPL{\_}FILE/JP4068069{\_}SI{\_}001.PDF},
    issn = {10895639}
}

@article{Wang2022RealizingIntermediates,
    title = {{Realizing efficient C-N coupling via electrochemical co-reduction of CO2 and NO3- on AuPd nanoalloy to form urea: Key C-N coupling intermediates}},
    year = {2022},
    journal = {Applied Catalysis B: Environmental},
    author = {Wang, Hua and Jiang, Yong and Li, Sijun and Gou, Fenglin and Liu, Xiaorui and Jiang, Yimin and Luo, Wei and Shen, Wei and He, Rongxing and Li, Ming},
    month = {12},
    pages = {121819},
    volume = {318},
    publisher = {Elsevier},
    doi = {10.1016/J.APCATB.2022.121819},
    issn = {0926-3373},
    keywords = {AuPd nanoalloys, C-N coupling, CO2 and NO3-, Electrochemical co-reduction, Key coupling intermediates}
}

@article{Zhang2022RecentReduction,
    title = {{Recent advances in electrocatalytic nitrite reduction}},
    year = {2022},
    journal = {Chemical Communications},
    author = {Zhang, Xi and Wang, Yuting and Wang, Yibo and Guo, Yamei and Xie, Xiaoyun and Yu, Yifu and Zhang, Bin},
    number = {17},
    month = {2},
    pages = {2777--2787},
    volume = {58},
    publisher = {Royal Society of Chemistry},
    url = {https://pubs.rsc.org/en/content/articlehtml/2022/cc/d1cc06690k https://pubs.rsc.org/en/content/articlelanding/2022/cc/d1cc06690k},
    doi = {10.1039/D1CC06690K},
    issn = {1364548X},
    pmid = {35156964}
}

@article{Zhang2021RecentReduction,
    title = {{Recent advances in non-noble metal electrocatalysts for nitrate reduction}},
    year = {2021},
    journal = {Chemical Engineering Journal},
    author = {Zhang, Xi and Wang, Yuting and Liu, Cuibo and Yu, Yifu and Lu, Siyu and Zhang, Bin},
    month = {1},
    pages = {126269},
    volume = {403},
    publisher = {Elsevier},
    doi = {10.1016/J.CEJ.2020.126269},
    issn = {1385-8947},
    keywords = {Electrocatalysis, Nitrate reduction, Non-noble metal materials, Water treatment}
}

@article{Chen2019RecentEvolution,
    title = {{Recent advances in transition metal-based electrocatalysts for alkaline hydrogen evolution}},
    year = {2019},
    journal = {Journal of Materials Chemistry A},
    author = {Chen, Zhijie and Duan, Xiaoguang and Wei, Wei and Wang, Shaobin and Ni, Bing Jie},
    number = {25},
    month = {6},
    pages = {14971--15005},
    volume = {7},
    publisher = {The Royal Society of Chemistry},
    url = {https://pubs.rsc.org/en/content/articlehtml/2019/ta/c9ta03220g https://pubs.rsc.org/en/content/articlelanding/2019/ta/c9ta03220g},
    doi = {10.1039/C9TA03220G},
    issn = {2050-7496}
}

@article{Lu2021RecentReview,
    title = {{Recent development of electrochemical nitrate reduction to ammonia: A mini review}},
    year = {2021},
    journal = {Electrochemistry Communications},
    author = {Lu, Xingmei and Song, Haoqiang and Cai, Jinmeng and Lu, Siyu},
    month = {8},
    pages = {107094},
    volume = {129},
    publisher = {Elsevier},
    doi = {10.1016/J.ELECOM.2021.107094},
    issn = {1388-2481}
}

@article{Lu2021RecentReviewb,
    title = {{Recent development of electrochemical nitrate reduction to ammonia: A mini review}},
    year = {2021},
    journal = {Electrochemistry Communications},
    author = {Lu, Xingmei and Song, Haoqiang and Cai, Jinmeng and Lu, Siyu},
    month = {8},
    pages = {107094},
    volume = {129},
    publisher = {Elsevier},
    doi = {10.1016/J.ELECOM.2021.107094},
    issn = {1388-2481}
}

@article{Cook2001ReducingRevisited,
    title = {{Reducing radicals in nitrate solutions. The NO32- system revisited}},
    year = {2001},
    journal = {Journal of Physical Chemistry A},
    author = {Cook, Andrew R. and Dimitrijevic, Nada and Dreyfus, Benjamin W. and Meisel, Dan and Curtiss, Larry A. and Camaioni, Donald M.},
    number = {14},
    month = {4},
    pages = {3658--3666},
    volume = {105},
    publisher = {American Chemical Society},
    url = {https://pubs.acs.org/doi/full/10.1021/jp0038052},
    doi = {10.1021/JP0038052/ASSET/IMAGES/MEDIUM/JP0038052E00022.GIF},
    issn = {10895639}
}

@article{Janssen1976ReductionElectrode,
    title = {{Reduction of nitric oxide at a flow-through mercury plated nickel electrode}},
    year = {1976},
    journal = {Electrochimica Acta},
    author = {Janssen, L. J.J.},
    number = {10},
    month = {10},
    pages = {811--815},
    volume = {21},
    publisher = {Pergamon},
    doi = {10.1016/0013-4686(76)85014-1},
    issn = {0013-4686}
}

@article{Granger2009RemovalMethod,
    title = {{Removal of nitrite with sulfamic acid for nitrate N and O isotope analysis with the denitrifier method}},
    year = {2009},
    journal = {Rapid Communications in Mass Spectrometry},
    author = {Granger, Julie and Sigman, Daniel M.},
    number = {23},
    month = {12},
    pages = {3753--3762},
    volume = {23},
    publisher = {John Wiley {\&} Sons, Ltd},
    url = {https://onlinelibrary.wiley.com/doi/full/10.1002/rcm.4307 https://onlinelibrary.wiley.com/doi/abs/10.1002/rcm.4307 https://analyticalsciencejournals.onlinelibrary.wiley.com/doi/10.1002/rcm.4307},
    doi = {10.1002/RCM.4307},
    issn = {1097-0231}
}

@article{Kalaruban2016RemovingStudies,
    title = {{Removing nitrate from water using iron-modified Dowex 21K XLT ion exchange resin: Batch and fluidised-bed adsorption studies}},
    year = {2016},
    journal = {Separation and Purification Technology},
    author = {Kalaruban, Mahatheva and Loganathan, Paripurnanda and Shim, W. G. and Kandasamy, Jaya and Naidu, Gayathri and Nguyen, Tien Vinh and Vigneswaran, Saravanamuthu},
    month = {1},
    pages = {62--70},
    volume = {158},
    publisher = {Elsevier},
    doi = {10.1016/J.SEPPUR.2015.12.022},
    issn = {1383-5866},
    keywords = {Adsorption, Adsorption models, Dowex, Fluidised-bed adsorption, Ion exchange resin, Nitrate}
}

@article{Zeng2020RestoringProspects,
    title = {{Restoring the Nitrogen Cycle by Electrochemical Reduction of Nitrate: Progress and Prospects}},
    year = {2020},
    journal = {Small Methods},
    author = {Zeng, Yachao and Priest, Cameron and Wang, Guofeng and Wu, Gang and Zeng, Y and Priest, C and Wu, G and Wang, G},
    number = {12},
    month = {12},
    pages = {2000672},
    volume = {4},
    publisher = {John Wiley {\&} Sons, Ltd},
    url = {https://onlinelibrary.wiley.com/doi/full/10.1002/smtd.202000672 https://onlinelibrary.wiley.com/doi/abs/10.1002/smtd.202000672 https://onlinelibrary.wiley.com/doi/10.1002/smtd.202000672},
    doi = {10.1002/SMTD.202000672},
    issn = {2366-9608},
    keywords = {electrochemical kinetics, electrochemical nitrate reduction, electrode materials, electrolytic cells, nitrogen cycle}
}

@article{Lehnert2018ReversingFixation,
    title = {{Reversing nitrogen fixation}},
    year = {2018},
    journal = {Nature Reviews Chemistry 2018 2:10},
    author = {Lehnert, Nicolai and Dong, Hai T. and Harland, Jill B. and Hunt, Andrew P. and White, Corey J.},
    number = {10},
    month = {9},
    pages = {278--289},
    volume = {2},
    publisher = {Nature Publishing Group},
    url = {https://www.nature.com/articles/s41570-018-0041-7},
    doi = {10.1038/s41570-018-0041-7},
    issn = {2397-3358},
    keywords = {Coordination chemistry, Environmental chemistry, Homogeneous catalysis, Metalloproteins}
}

@article{Rashed2020RGO/ZnO/NafionNO2,
    title = {{rGO/ZnO/Nafion nanocomposite as highly sensitive and selective amperometric sensor for detecting nitrite ions (NO2−)}},
    year = {2020},
    journal = {Journal of the Taiwan Institute of Chemical Engineers},
    author = {Rashed, Md A. and Faisal, M. and Harraz, Farid A. and Jalalah, Mohammed and Alsaiari, Mabkhoot and Al-Assiri, M. S.},
    month = {7},
    pages = {345--356},
    volume = {112},
    publisher = {Elsevier},
    doi = {10.1016/J.JTICE.2020.05.015},
    issn = {1876-1070},
    keywords = {Amperometric sensor, Nitrite ions, Sol-gel, Voltammetry, ZnO, rGO}
}

@article{Rashed2020RGO/ZnO/NafionNO2b,
    title = {{rGO/ZnO/Nafion nanocomposite as highly sensitive and selective amperometric sensor for detecting nitrite ions (NO2−)}},
    year = {2020},
    journal = {Journal of the Taiwan Institute of Chemical Engineers},
    author = {Rashed, Md A. and Faisal, M. and Harraz, Farid A. and Jalalah, Mohammed and Alsaiari, Mabkhoot and Al-Assiri, M. S.},
    month = {7},
    pages = {345--356},
    volume = {112},
    publisher = {Elsevier},
    doi = {10.1016/J.JTICE.2020.05.015},
    issn = {1876-1070},
    keywords = {Amperometric sensor, Nitrite ions, Sol-gel, Voltammetry, ZnO, rGO}
}

@article{Lu2019RutheniumMedia,
    title = {{Ruthenium atomically dispersed in carbon outperforms platinum toward hydrogen evolution in alkaline media}},
    year = {2019},
    journal = {Nature Communications 2019 10:1},
    author = {Lu, Bingzhang and Guo, Lin and Wu, Feng and Peng, Yi and Lu, Jia En and Smart, Tyler J. and Wang, Nan and Finfrock, Y. Zou and Morris, David and Zhang, Peng and Li, Ning and Gao, Peng and Ping, Yuan and Chen, Shaowei},
    number = {1},
    month = {2},
    pages = {1--11},
    volume = {10},
    publisher = {Nature Publishing Group},
    url = {https://www.nature.com/articles/s41467-019-08419-3},
    doi = {10.1038/s41467-019-08419-3},
    issn = {2041-1723},
    pmid = {30733437},
    keywords = {Electrocatalysis, Nanowires}
}

@article{Duca2011SelectiveN2,
    title = {{Selective catalytic reduction at quasi-perfect Pt(100) domains: A universal low-temperature pathway from nitrite to N2}},
    year = {2011},
    journal = {Journal of the American Chemical Society},
    author = {Duca, Matteo and Figueiredo, Marta C. and Climent, Victor and Rodriguez, Paramaconi and Feliu, Juan M. and Koper, Marc T.M.},
    number = {28},
    month = {7},
    pages = {10928--10939},
    volume = {133},
    publisher = {American Chemical Society},
    url = {https://pubs.acs.org/doi/full/10.1021/ja203234v},
    doi = {10.1021/JA203234V/ASSET/IMAGES/JA-2011-03234V{\_}M010.GIF},
    issn = {00027863}
}

@article{Feng2022SelectiveOxidation-state,
    title = {{Selective electrocatalytic reduction of nitrate to dinitrogen by Cu2O nanowires with mixed oxidation-state}},
    year = {2022},
    journal = {Chemical Engineering Journal},
    author = {Feng, Tao and Wang, Jing and Wang, Ying and Yu, Chaofan and Zhou, Xiao and Xu, Bincheng and L{\'{a}}szl{\'{o}}, Krisztina and Li, Fengting and Zhang, Weixian},
    month = {4},
    pages = {133495},
    volume = {433},
    publisher = {Elsevier},
    doi = {10.1016/J.CEJ.2021.133495},
    issn = {1385-8947},
    keywords = {Cu2O nanowires with mixed oxidation-state, Electrocatalytic nitrate reduction, Energetically favorable pathways for dinitrogen pr, Hydrogen/oxygen-adsorbing, Selective dinitrogen generation}
}

@article{Lv2021SelectiveDioxide,
    title = {{Selective electrocatalytic synthesis of urea with nitrate and carbon dioxide}},
    year = {2021},
    journal = {Nature Sustainability 2021 4:10},
    author = {Lv, Chade and Zhong, Lixiang and Liu, Hengjie and Fang, Zhiwei and Yan, Chunshuang and Chen, Mengxin and Kong, Yi and Lee, Carmen and Liu, Daobin and Li, Shuzhou and Liu, Jiawei and Song, Li and Chen, Gang and Yan, Qingyu and Yu, Guihua},
    number = {10},
    month = {7},
    pages = {868--876},
    volume = {4},
    publisher = {Nature Publishing Group},
    url = {https://www.nature.com/articles/s41893-021-00741-3},
    doi = {10.1038/s41893-021-00741-3},
    issn = {2398-9629},
    keywords = {Energy science and technology, Materials science}
}

@article{Zhu2020Single-AtomProduction,
    title = {{Single-Atom Cu Catalysts for Enhanced Electrocatalytic Nitrate Reduction with Significant Alleviation of Nitrite Production}},
    year = {2020},
    journal = {Small},
    author = {Zhu, Tonghe and Chen, Qiongshan and Liao, Peng and Duan, Weijian and Liang, Sheng and Yan, Zhang and Feng, Chunhua and Zhu, T and Chen, Q and Duan, W and Liang, S and Yan, Z and Feng, C and Liao, P},
    number = {49},
    month = {12},
    pages = {2004526},
    volume = {16},
    publisher = {John Wiley {\&} Sons, Ltd},
    url = {https://onlinelibrary.wiley.com/doi/full/10.1002/smll.202004526 https://onlinelibrary.wiley.com/doi/abs/10.1002/smll.202004526 https://onlinelibrary.wiley.com/doi/10.1002/smll.202004526},
    doi = {10.1002/SMLL.202004526},
    issn = {1613-6829},
    pmid = {33169535},
    keywords = {ammonia selectivity, atom copper, electrocatalysis, nitrate reduction reaction, nitrite accumulation, single}
}

@article{Ponlakhet2022Smartphone-basedIons,
    title = {{Smartphone-based portable fluorescence sensor with gold nanoparticle mediation for selective detection of nitrite ions}},
    year = {2022},
    journal = {Food Chemistry},
    author = {Ponlakhet, Kitayanan and Phooplub, Kittirat and Phongsanam, Nopphakon and Phongsraphang, Thirakan and Phetduang, Samuch and Surawanitkun, Chayada and Buranachai, Chittanon and Loilome, Watcharin and Ngeontae, Wittaya},
    month = {8},
    pages = {132478},
    volume = {384},
    publisher = {Elsevier},
    doi = {10.1016/J.FOODCHEM.2022.132478},
    issn = {0308-8146},
    pmid = {35219228},
    keywords = {Chemical sensors, Fluorescent sensors, Micelle, Peroxidase-like activity, RGB, Smartphone}
}

@article{Kani2021Solar-drivenConditions,
    title = {{Solar-driven electrochemical synthesis of ammonia using nitrate with 11{\%} solar-to-fuel efficiency at ambient conditions}},
    year = {2021},
    journal = {Energy {\&} Environmental Science},
    author = {Kani, Nishithan C. and Gauthier, Joseph A. and Prajapati, Aditya and Edgington, Jane and Bordawekar, Isha and Shields, Windom and Shields, Mitchell and Seitz, Linsey C. and Singh, Aayush R. and Singh, Meenesh R.},
    number = {12},
    month = {12},
    pages = {6349--6359},
    volume = {14},
    publisher = {Royal Society of Chemistry},
    url = {https://pubs.rsc.org/en/content/articlehtml/2021/ee/d1ee01879e https://pubs.rsc.org/en/content/articlelanding/2021/ee/d1ee01879e},
    doi = {10.1039/D1EE01879E},
    issn = {17545706}
}

@article{He2022SplicingAmmonia,
    title = {{Splicing the active phases of copper/cobalt-based catalysts achieves high-rate tandem electroreduction of nitrate to ammonia}},
    year = {2022},
    journal = {Nature Communications 2022 13:1},
    author = {He, Wenhui and Zhang, Jian and Dieckh{\"{o}}fer, Stefan and Varhade, Swapnil and Brix, Ann Cathrin and Lielpetere, Anna and Seisel, Sabine and Junqueira, João R. C. and Schuhmann, Wolfgang},
    number = {1},
    month = {3},
    pages = {1--13},
    volume = {13},
    publisher = {Nature Publishing Group},
    url = {https://www.nature.com/articles/s41467-022-28728-4},
    doi = {10.1038/s41467-022-28728-4},
    issn = {2041-1723},
    keywords = {Electrocatalysis, Energy, Metal, organic frameworks}
}

@article{Lu2022StabilizationReduction,
    title = {{Stabilization of Undercoordinated Cu Sites in Strontium Copper Oxides for Enhanced Formation of C2+ Products in Electrochemical CO2 Reduction}},
    year = {2022},
    journal = {ACS Catalysis},
    author = {Lu, Xiao Kun and Lu, Bingzhang and Li, Haifeng and Lim, Khantey and Seitz, Linsey C.},
    month = {5},
    pages = {6663--6671},
    volume = {12},
    publisher = {American Chemical Society},
    url = {https://pubs.acs.org/doi/full/10.1021/acscatal.2c01019},
    doi = {10.1021/ACSCATAL.2C01019},
    issn = {2155-5435},
    keywords = {CO2 reduction, alkaline electrolyte, gas diffusion electrode, low-coordinated Cu sites, operando XAS, oxide-derived Cu}
}

@article{Martinez2017State-of-the-artNitrates,
    title = {{State-of-the-art and perspectives of the catalytic and electrocatalytic reduction of aqueous nitrates}},
    year = {2017},
    journal = {Applied Catalysis B: Environmental},
    author = {Mart{\'{i}}nez, Juan and Ortiz, Alfredo and Ortiz, Inmaculada},
    month = {6},
    pages = {42--59},
    volume = {207},
    publisher = {Elsevier},
    doi = {10.1016/J.APCATB.2017.02.016},
    issn = {0926-3373},
    keywords = {Catalytic reduction, Electrocatalytic reduction, Groundwater, Nitrate}
}

@article{Lim2021StructureAmmonia,
    title = {{Structure Sensitivity of Pd Facets for Enhanced Electrochemical Nitrate Reduction to Ammonia}},
    year = {2021},
    journal = {ACS Catalysis},
    author = {Lim, Jeonghoon and Liu, Chun Yen and Park, Jinho and Liu, Yu Hsuan and Senftle, Thomas P. and Lee, Seung Woo and Hatzell, Marta C.},
    number = {12},
    month = {6},
    pages = {7568--7577},
    volume = {11},
    publisher = {American Chemical Society},
    url = {https://pubs.acs.org/doi/abs/10.1021/acscatal.1c01413},
    doi = {10.1021/ACSCATAL.1C01413/SUPPL{\_}FILE/CS1C01413{\_}SI{\_}001.PDF},
    issn = {21555435},
    keywords = {Pd shape-controlled electrocatalysts, ammonia, nitrate reduction, nitrite reduction, selectivity, structure sensitivity}
}

@article{Eilert2017SubsurfaceReduction,
    title = {{Subsurface Oxygen in Oxide-Derived Copper Electrocatalysts for Carbon Dioxide Reduction}},
    year = {2017},
    journal = {The Journal of Physical Chemistry Letters},
    author = {Eilert, André and Cavalca, Filippo and Roberts, F. Sloan and Osterwalder, Jürg and Liu, Chang and Favaro, Marco and Crumlin, Ethan J. and Ogasawara, Hirohito and Friebel, Daniel and Pettersson, Lars G. M. and Nilsson, Anders},
    number = {1},
    month = {1},
    pages = {285--290},
    volume = {8},
    publisher = {American Chemical Society},
    url = {https://pubs.acs.org/doi/abs/10.1021/acs.jpclett.6b02273 https://pubs.acs.org/doi/10.1021/acs.jpclett.6b02273},
    doi = {10.1021/acs.jpclett.6b02273},
    issn = {1948-7185},
    pmid = {27983864}
}

@article{Zhe2021SurfaceSensing,
    title = {{Surface engineering of carbon selenide nanofilms on carbon cloth: An advanced and ultrasensitive self-supporting binder-free electrode for nitrite sensing}},
    year = {2021},
    journal = {Food Chemistry},
    author = {Zhe, Taotao and Li, Ruixia and Li, Fan and Liang, Siyuan and Shi, Dan and Sun, Xinyu and Liu, Yingnan and Cao, Yuanyuan and Bu, Tong and Wang, Li},
    month = {3},
    pages = {127953},
    volume = {340},
    publisher = {Elsevier},
    doi = {10.1016/J.FOODCHEM.2020.127953},
    issn = {0308-8146},
    pmid = {32916405},
    keywords = {Carbon selenide nanofilms, Electrochemical sensor, Nitrite}
}

@article{Chen2015SurfaceSolution,
    title = {{Surface Modification of Pt(100) for Electrocatalytic Nitrate Reduction to Dinitrogen in Alkaline Solution}},
    year = {2015},
    journal = {Langmuir},
    author = {Chen, Ting and Li, Hongjiao and Ma, Houyi and Koper, Marc T.M.},
    number = {10},
    month = {3},
    pages = {3277--3281},
    volume = {31},
    publisher = {American Chemical Society},
    url = {https://pubs.acs.org/doi/full/10.1021/acs.langmuir.5b00283},
    doi = {10.1021/ACS.LANGMUIR.5B00283/SUPPL{\_}FILE/LA5B00283{\_}SI{\_}001.PDF},
    issn = {15205827},
    pmid = {25719509}
}

@article{Lamichhane2020SustainablePlasma,
    title = {{Sustainable nitrogen fixation from synergistic effect of photo-electrochemical water splitting and atmospheric pressure N2 plasma}},
    year = {2020},
    journal = {Plasma Sources Science and Technology},
    author = {Lamichhane, Pradeep and Adhikari, Bishwa Chandra and Nguyen, Linh N. and Paneru, Ramhari and Ghimire, Bhagirath and Mumtaz, Sohail and Lim, Jun Sup and Hong, Young June and Choi, Eun Ha},
    number = {4},
    month = {4},
    pages = {045026},
    volume = {29},
    publisher = {IOP Publishing},
    url = {https://iopscience.iop.org/article/10.1088/1361-6595/ab7f4d https://iopscience.iop.org/article/10.1088/1361-6595/ab7f4d/meta},
    doi = {10.1088/1361-6595/AB7F4D},
    issn = {0963-0252},
    keywords = {Ammonia synthesis, Nitrogen fixation, Nitrogen reduction reaction, Non-thermal plasma, Water splitting}
}

@article{Lu2021SynergisticAmmonia,
    title = {{Synergistic Multisites Fe2Mo6S8Electrocatalysts for Ambient Nitrogen Conversion to Ammonia}},
    year = {2021},
    journal = {ACS Nano},
    author = {Lu, Ke and Xia, Fan and Li, Bomin and Liu, Yuzi and Abdul Razak, Iddrisu B. and Gao, Siyuan and Kaelin, Jacob and Brown, Dennis E. and Cheng, Yingwen},
    number = {10},
    pages = {16887--16895},
    volume = {15},
    doi = {10.1021/acsnano.1c07771},
    issn = {1936086X},
    pmid = {34612041},
    keywords = {Chevrel phase, Haber-Bosch alternatives, ambient ammonia synthesis, multisite catalysts, nitrogen reduction reaction}
}

@article{Kumari2018SynergisticAmmonia,
    title = {{Synergistic plasma-assisted electrochemical reduction of nitrogen to ammonia}},
    year = {2018},
    journal = {Chemical Communications},
    author = {Kumari, Sudesh and Pishgar, Sahar and Schwarting, Marcus E. and Paxton, William F. and Spurgeon, Joshua M.},
    number = {95},
    month = {11},
    pages = {13347--13350},
    volume = {54},
    publisher = {Royal Society of Chemistry},
    url = {https://pubs.rsc.org/en/content/articlehtml/2018/cc/c8cc07869f https://pubs.rsc.org/en/content/articlelanding/2018/cc/c8cc07869f http://xlink.rsc.org/?DOI=C8CC07869F},
    doi = {10.1039/C8CC07869F},
    issn = {1359-7345},
    pmid = {30417899}
}

@article{Ghosh2021SynergyComplexes,
    title = {{Synergy between metals for small molecule activation: Enzymes and bio-inspired complexes}},
    year = {2021},
    journal = {Coordination Chemistry Reviews},
    author = {Ghosh, Ashta C. and Duboc, Carole and Gennari, Marcello},
    month = {2},
    pages = {213606},
    volume = {428},
    publisher = {Elsevier},
    doi = {10.1016/J.CCR.2020.213606},
    issn = {0010-8545},
    keywords = {Bio-inspired chemistry, Homogeneous multimetallic redox catalysts, Metal-metal cooperation, Metalloenzymes, Reaction mechanism, Small molecule activation}
}

@article{Feng2020Te-DopedReduction,
    title = {{Te-Doped Pd Nanocrystal for Electrochemical Urea Production by Efficiently Coupling Carbon Dioxide Reduction with Nitrite Reduction}},
    year = {2020},
    journal = {Nano Letters},
    author = {Feng, Yonggang and Yang, Hao and Zhang, Ying and Huang, Xiaoqing and Li, Leigang and Cheng, Tao and Shao, Qi},
    number = {11},
    month = {11},
    pages = {8282--8289},
    volume = {20},
    publisher = {American Chemical Society},
    url = {https://pubs.acs.org/doi/full/10.1021/acs.nanolett.0c03400},
    doi = {10.1021/ACS.NANOLETT.0C03400/ASSET/IMAGES/LARGE/NL0C03400{\_}0004.JPEG},
    issn = {15306992},
    pmid = {33172281},
    keywords = {CO2electroreduction, Coupling, Palladium, Tellurium, Urea production}
}

@article{Bogaerts2020TheRoadmap,
    title = {{The 2020 plasma catalysis roadmap}},
    year = {2020},
    journal = {Journal of Physics D: Applied Physics},
    author = {Bogaerts, Annemie and Tu, Xin and Whitehead, J. Christopher and Centi, Gabriele and Lefferts, Leon and Guaitella, Olivier and Azzolina-Jury, Federico and Kim, Hyun Ha and Murphy, Anthony B. and Schneider, William F. and Nozaki, Tomohiro and Hicks, Jason C. and Rousseau, Antoine and Thevenet, Frederic and Khacef, Ahmed and Carreon, Maria},
    number = {44},
    month = {8},
    pages = {443001},
    volume = {53},
    publisher = {IOP Publishing},
    url = {https://iopscience.iop.org/article/10.1088/1361-6463/ab9048 https://iopscience.iop.org/article/10.1088/1361-6463/ab9048/meta},
    doi = {10.1088/1361-6463/AB9048},
    issn = {0022-3727},
    keywords = {CH4activation, CO2conversion, NH3synthesis, air pollution control, catalysis, non-thermal plasma, plasma catalysis}
}

@article{Wendeborn2020TheSoil,
    title = {{The Chemistry, Biology, and Modulation of Ammonium Nitrification in Soil}},
    year = {2020},
    journal = {Angewandte Chemie International Edition},
    author = {Wendeborn, Sebastian},
    number = {6},
    month = {2},
    pages = {2182--2202},
    volume = {59},
    publisher = {John Wiley {\&} Sons, Ltd},
    url = {https://onlinelibrary.wiley.com/doi/full/10.1002/anie.201903014 https://onlinelibrary.wiley.com/doi/abs/10.1002/anie.201903014 https://onlinelibrary.wiley.com/doi/10.1002/anie.201903014},
    doi = {10.1002/ANIE.201903014},
    issn = {1521-3773},
    pmid = {31116902},
    keywords = {ammonia monooxygenase, biological nitrification  inhibition, greenhouse gases, hydroxylamine oxidoreductase, nitrate leaching}
}

@article{Gootzen1997TheGe,
    title = {{The electrocatalytic reduction of NO3− on Pt, Pd and Pt + Pd electrodes activated with Ge}},
    year = {1997},
    journal = {Journal of Electroanalytical Chemistry},
    author = {Gootzen, J. F.E. and Peeters, P. G.J.M. and Dukers, J. M.B. and Lefferts, L. and Visscher, W. and Van Veen, J. A.R.},
    number = {1-2},
    month = {8},
    pages = {171--183},
    volume = {434},
    publisher = {Elsevier},
    doi = {10.1016/S0022-0728(97)00093-4},
    issn = {1572-6657},
    keywords = {Germanium activation, Nitrate reduction, Palladium, Platinum}
}

@article{Gootzen1997TheGeb,
    title = {{The electrocatalytic reduction of NO3− on Pt, Pd and Pt + Pd electrodes activated with Ge}},
    year = {1997},
    journal = {Journal of Electroanalytical Chemistry},
    author = {Gootzen, J. F.E. and Peeters, P. G.J.M. and Dukers, J. M.B. and Lefferts, L. and Visscher, W. and Van Veen, J. A.R.},
    number = {1-2},
    month = {8},
    pages = {171--183},
    volume = {434},
    publisher = {Elsevier},
    doi = {10.1016/S0022-0728(97)00093-4},
    issn = {1572-6657},
    keywords = {Germanium activation, Nitrate reduction, Palladium, Platinum}
}

@article{Bartberger2002TheBiochemistry,
    title = {{The reduction potential of nitric oxide (NO) and its importance to NO biochemistry}},
    year = {2002},
    journal = {Proceedings of the National Academy of Sciences},
    author = {Bartberger, Michael D. and Liu, Wei and Ford, Eleonora and Miranda, Katrina M. and Switzer, Christopher and Fukuto, Jon M. and Farmer, Patrick J. and Wink, David A. and Houk, Kendall N.},
    number = {17},
    month = {8},
    pages = {10958--10963},
    volume = {99},
    publisher = {{\\\}        National Academy of Sciences{\\\}      },
    url = {https://www.pnas.org/doi/abs/10.1073/pnas.162095599},
    doi = {10.1073/PNAS.162095599},
    issn = {00278424},
    pmid = {12177417}
}

@article{Strmcnik2009ThePlatinum,
    title = {{The role of non-covalent interactions in electrocatalytic fuel-cell reactions on platinum}},
    year = {2009},
    journal = {Nature Chemistry 2009 1:6},
    author = {Strmcnik, D. and Kodama, K. and Van Der Vliet, D. and Greeley, J. and Stamenkovic, V. R. and Markovi{\'{c}}, N. M.},
    number = {6},
    month = {8},
    pages = {466--472},
    volume = {1},
    publisher = {Nature Publishing Group},
    url = {https://www.nature.com/articles/nchem.330},
    doi = {10.1038/nchem.330},
    issn = {1755-4349},
    pmid = {21378914},
    keywords = {Analytical Chemistry, Biochemistry, Chemistry/Food Science, Inorganic Chemistry, Organic Chemistry, Physical Chemistry, general}
}

@article{Greenlee2018TheDinitrogen,
    title = {{The Use of Controls for Consistent and Accurate Measurements of Electrocatalytic Ammonia Synthesis from Dinitrogen}},
    year = {2018},
    journal = {ACS Catalysis},
    author = {Greenlee, Lauren F. and Renner, Julie N. and Foster, Shelby L.},
    number = {9},
    month = {9},
    pages = {7820--7827},
    volume = {8},
    publisher = {American Chemical Society},
    url = {https://pubs.acs.org/doi/full/10.1021/acscatal.8b02120},
    doi = {10.1021/ACSCATAL.8B02120},
    issn = {21555435}
}

@article{Hu2021TheoreticalCatalysts,
    title = {{Theoretical Insights into Superior Nitrate Reduction to Ammonia Performance of Copper Catalysts}},
    year = {2021},
    journal = {ACS Catalysis},
    author = {Hu, Tao and Wang, Changhong and Wang, Mengting and Li, Chang Ming and Guo, Chunxian},
    number = {23},
    month = {12},
    pages = {14417--14427},
    volume = {11},
    publisher = {American Chemical Society},
    url = {https://pubs.acs.org/doi/full/10.1021/acscatal.1c03666},
    doi = {10.1021/ACSCATAL.1C03666/ASSET/IMAGES/LARGE/CS1C03666{\_}0009.JPEG},
    issn = {21555435},
    keywords = {ammonia, crystal facet, density functional theory, electrocatalysis, nitrate}
}

@article{Yuan2021TuningNitrate,
    title = {{Tuning the Oxidation State of Cu Electrodes for Selective Electrosynthesis of Ammonia from Nitrate}},
    year = {2021},
    journal = {ACS Applied Materials and Interfaces},
    author = {Yuan, Jili and Xing, Zhuo and Tang, Yanhong and Liu, Chengbin},
    number = {44},
    month = {11},
    pages = {52469--52478},
    volume = {13},
    publisher = {American Chemical Society},
    url = {https://pubs.acs.org/doi/abs/10.1021/acsami.1c10946},
    doi = {10.1021/ACSAMI.1C10946/SUPPL{\_}FILE/AM1C10946{\_}SI{\_}001.PDF},
    issn = {19448252},
    keywords = {activity, ammonia synthesis, nitrate electroreduction, oxidation state, selectivity}
}

@article{Yuan2021TuningNitrateb,
    title = {{Tuning the Oxidation State of Cu Electrodes for Selective Electrosynthesis of Ammonia from Nitrate}},
    year = {2021},
    journal = {ACS Applied Materials and Interfaces},
    author = {Yuan, Jili and Xing, Zhuo and Tang, Yanhong and Liu, Chengbin},
    number = {44},
    month = {11},
    pages = {52469--52478},
    volume = {13},
    publisher = {American Chemical Society},
    url = {https://pubs.acs.org/doi/abs/10.1021/acsami.1c10946},
    doi = {10.1021/ACSAMI.1C10946/SUPPL{\_}FILE/AM1C10946{\_}SI{\_}001.PDF},
    issn = {19448252},
    keywords = {activity, ammonia synthesis, nitrate electroreduction, oxidation state, selectivity}
}

@article{Blommaerts2021TuningZeolites,
    title = {{Tuning the turnover frequency and selectivity of photocatalytic CO2 reduction to CO and methane using platinum and palladium nanoparticles on Ti-Beta zeolites}},
    year = {2021},
    journal = {Chemical Engineering Journal},
    author = {Blommaerts, Natan and Hoeven, Nick and Arenas Esteban, Daniel and Campos, Rui and Mertens, Myrjam and Borah, Rituraj and Glisenti, Antonella and De Wael, Karolien and Bals, Sara and Lenaerts, Silvia and Verbruggen, Sammy W. and Cool, Pegie},
    month = {4},
    pages = {128234},
    volume = {410},
    publisher = {Elsevier},
    doi = {10.1016/J.CEJ.2020.128234},
    issn = {1385-8947},
    keywords = {FEM modeling, Nanoparticles, Photocatalytic CO2 reduction, Surface Plasmon Resonance (SPR), Zeolite Ti-beta}
}

@incollection{Jr.2007TurnoverRelationships,
    title = {{Turnover frequencies in metal catalysis: Meanings, functionalities and relationships}},
    year = {2007},
    author = {Jr., James G. Goodwin and Kim, Soo and Rhodes, William D.},
    pages = {320--348},
    volume = {17},
    url = {http://ebook.rsc.org/?DOI=10.1039/9781847553294-00320},
    isbn = {9781847553294},
    doi = {10.1039/9781847553294-00320}
}

@article{Zuman2022UltravioletAnions,
    title = {{Ultraviolet Spectra of Hydroxide, Alkoxide, and Hydrogen Sulfide Anions}},
    year = {2022},
    journal = {2162 {\textperiodcentered} ANALYTICAL CHEMISTRY},
    author = {Zuman, Petr and Szafranski1, Wayne},
    number = {14},
    pages = {12},
    volume = {48},
    publisher = {UTC},
    url = {https://pubs.acs.org/sharingguidelines}
}

@article{Ringe2019UnderstandingReduction,
    title = {{Understanding cation effects in electrochemical CO 2 reduction}},
    year = {2019},
    journal = {Energy {\&} Environmental Science},
    author = {Ringe, Stefan and Clark, Ezra L. and Resasco, Joaquin and Walton, Amber and Seger, Brian and Bell, Alexis T. and Chan, Karen},
    number = {10},
    month = {10},
    pages = {3001--3014},
    volume = {12},
    publisher = {Royal Society of Chemistry},
    url = {https://pubs.rsc.org/en/content/articlehtml/2019/ee/c9ee01341e https://pubs.rsc.org/en/content/articlelanding/2019/ee/c9ee01341e},
    doi = {10.1039/C9EE01341E},
    issn = {17545706}
}

@article{Peng2021UnderstandingResponse,
    title = {{Understanding the impacts of operation mode sequences on the biological aniline degradation system: Startup phase, pollutants removal rules and microbial response}},
    year = {2021},
    journal = {Bioresource Technology},
    author = {Peng, Haojin and Zhang, Qian and Tan, Bin and Li, Meng and Feng, Jiapeng and Zhang, Yunjie and He, Jing and Su, Junhao and Zhong, Min},
    month = {11},
    pages = {125758},
    volume = {340},
    publisher = {Elsevier},
    doi = {10.1016/J.BIORTECH.2021.125758},
    issn = {0960-8524},
    pmid = {34426246},
    keywords = {Aniline degrading reactor, Functional microbial community, Nitrogen removal, Operation mode sequences, Startup}
}

@article{Rein2021UnlockingReactor,
    title = {{Unlocking the Potential of High-Throughput Experimentation for Electrochemistry with a Standardized Microscale Reactor}},
    year = {2021},
    journal = {ACS Central Science},
    author = {Rein, Jonas and Annand, James R. and Wismer, Michael K. and Fu, Jiantao and Siu, Juno C. and Klapars, Artis and Strotman, Neil A. and Kalyani, Dipannita and Lehnherr, Dan and Lin, Song},
    number = {8},
    pages = {1347--1355},
    volume = {7},
    doi = {10.1021/acscentsci.1c00328},
    issn = {23747951}
}

@article{Wang2020UnveilingAmmonia,
    title = {{Unveiling the Activity Origin of a Copper‐based Electrocatalyst for Selective Nitrate Reduction to Ammonia}},
    year = {2020},
    journal = {Angewandte Chemie},
    author = {Wang, Yuting and Zhou, Wei and Jia, Ranran and Yu, Yifu and Zhang, Bin},
    number = {13},
    month = {3},
    pages = {5388--5392},
    volume = {132},
    publisher = {Wiley},
    url = {https://onlinelibrary.wiley.com/doi/full/10.1002/anie.201915992 https://onlinelibrary.wiley.com/doi/abs/10.1002/anie.201915992 https://onlinelibrary.wiley.com/doi/10.1002/anie.201915992 https://onlinelibrary.wiley.com/doi/10.1002/ange.201915992},
    doi = {10.1002/ange.201915992},
    issn = {0044-8249},
    keywords = {15N isotope labeling, ammonia, electrocatalysis, in situ reconstruction, nitrate electroreduction}
}

@article{Wall2011UsingProgramme,
    title = {{Using the nutrient transfer continuum concept to evaluate the European Union Nitrates Directive National Action Programme}},
    year = {2011},
    journal = {Environmental Science {\&} Policy},
    author = {Wall, D. and Jordan, P. and Melland, A. R. and Mellander, P. E. and Buckley, C. and Reaney, S. M. and Shortle, G.},
    number = {6},
    month = {10},
    pages = {664--674},
    volume = {14},
    publisher = {Elsevier},
    doi = {10.1016/J.ENVSCI.2011.05.003},
    issn = {1462-9011},
    keywords = {Catchments, Nitrates Directive, Nitrogen, Phosphorus}
}

@article{Birkmann2018UVWaters,
    title = {{UV spectroscopic properties of principal inorganic ionic species in natural waters}},
    year = {2018},
    journal = {Water Practice and Technology},
    author = {Birkmann, Jan and Pasel, Christoph and Luckas, Michael and Bathen, Dieter},
    number = {4},
    month = {12},
    pages = {879--892},
    volume = {13},
    publisher = {IWA Publishing},
    url = {http://iwaponline.com/wpt/article-pdf/13/4/879/527408/wpt0130879.pdf},
    doi = {10.2166/WPT.2018.097},
    issn = {1751231X},
    keywords = {Molar absorptivities, Natural waters, Principal ionic species, UV spectroscopy}
}

@article{Wang2023V-dopedAmmonia,
    title = {{V-doped TiO2 nanobelt array for high-efficiency electrocatalytic nitrite reduction to ammonia}},
    year = {2023},
    journal = {Materials Today Physics},
    author = {Wang, Haipeng and Zhang, Fei and Jin, Mengmeng and Zhao, Donglin and Fan, Xiaoya and Li, Zerong and Luo, Yongsong and Zheng, Dongdong and Li, Tingshuai and Wang, Yan and Ying, Binwu and Sun, Shengjun and Liu, Qian and Liu, Xijun and Sun, Xuping},
    month = {1},
    pages = {100944},
    volume = {30},
    publisher = {Elsevier},
    doi = {10.1016/J.MTPHYS.2022.100944},
    issn = {2542-5293},
    keywords = {Ammonia synthesis, Density functional theory, Electrocatalysis, Electrochemical nitrite reduction, V-doped TiO2 nanobelt array}
}

@article{Coviello2020ValidationDetection,
    title = {{Validation of an Analytical Method for Nitrite and Nitrate Determination in Meat Foods for Infants by Ion Chromatography with Conductivity Detection}},
    year = {2020},
    journal = {Foods 2020, Vol. 9, Page 1238},
    author = {Coviello, Donatella and Pascale, Raffaella and Ciriello, Rosanna and Salvi, Anna Maria and Guerrieri, Antonio and Contursi, Michela and Scrano, Laura and Bufo, Sabino A. and Cataldi, Tommaso R.I. and Bianco, Giuliana},
    number = {9},
    month = {9},
    pages = {1238},
    volume = {9},
    publisher = {Multidisciplinary Digital Publishing Institute},
    url = {https://www.mdpi.com/2304-8158/9/9/1238/htm https://www.mdpi.com/2304-8158/9/9/1238},
    doi = {10.3390/FOODS9091238},
    issn = {2304-8158},
    keywords = {Ion chromatography, baby food, conductivity detection, homogenized meat, nitrate, nitrite}
}

@article{Coviello2020ValidationDetectionb,
    title = {{Validation of an Analytical Method for Nitrite and Nitrate Determination in Meat Foods for Infants by Ion Chromatography with Conductivity Detection}},
    year = {2020},
    journal = {Foods 2020, Vol. 9, Page 1238},
    author = {Coviello, Donatella and Pascale, Raffaella and Ciriello, Rosanna and Salvi, Anna Maria and Guerrieri, Antonio and Contursi, Michela and Scrano, Laura and Bufo, Sabino A. and Cataldi, Tommaso R.I. and Bianco, Giuliana},
    number = {9},
    month = {9},
    pages = {1238},
    volume = {9},
    publisher = {Multidisciplinary Digital Publishing Institute},
    url = {https://www.mdpi.com/2304-8158/9/9/1238/htm https://www.mdpi.com/2304-8158/9/9/1238},
    doi = {10.3390/FOODS9091238},
    issn = {2304-8158},
    keywords = {Ion chromatography, baby food, conductivity detection, homogenized meat, nitrate, nitrite}
}

@article{Rouwenhorst2019VibrationallyAnalysis,
    title = {{Vibrationally Excited Activation of N2 in Plasma-Enhanced Catalytic Ammonia Synthesis: A Kinetic Analysis}},
    year = {2019},
    journal = {ACS Sustainable Chemistry and Engineering},
    author = {Rouwenhorst, Kevin H.R. and Kim, Hyun Ha and Lefferts, Leon},
    number = {20},
    month = {10},
    pages = {17515--17522},
    volume = {7},
    publisher = {American Chemical Society},
    url = {https://pubs.acs.org/doi/full/10.1021/acssuschemeng.9b04997},
    doi = {10.1021/ACSSUSCHEMENG.9B04997/SUPPL{\_}FILE/SC9B04997{\_}SI{\_}002.PDF},
    issn = {21680485},
    keywords = {Ammonia, Dielectric barrier discharge, Kinetic analysis, Plasma-enhanced catalysis, Vibrational excitation}
}

@article{Hammer1995WhyMetals,
    title = {{Why gold is the noblest of all the metals}},
    year = {1995},
    journal = {Nature 1995 376:6537},
    author = {Hammer, B. and Norskov, J. K.},
    number = {6537},
    month = {7},
    pages = {238--240},
    volume = {376},
    publisher = {Nature Publishing Group},
    url = {https://www.nature.com/articles/376238a0},
    doi = {10.1038/376238a0},
    issn = {1476-4687},
    keywords = {Humanities and Social Sciences, Science, multidisciplinary}
}

@article{Hammer1995WhyMetalsb,
    title = {{Why gold is the noblest of all the metals}},
    year = {1995},
    journal = {Nature 1995 376:6537},
    author = {Hammer, B. and Norskov, J. K.},
    number = {6537},
    month = {7},
    pages = {238--240},
    volume = {376},
    publisher = {Nature Publishing Group},
    url = {https://www.nature.com/articles/376238a0},
    doi = {10.1038/376238a0},
    issn = {1476-4687},
    keywords = {Humanities and Social Sciences, Science, multidisciplinary}
}