@article{Cabbiness1969MacrocyclicComplexes,
    title = {{Macrocyclic effect on the stability of copper(II) tetramine complexes}},
    year = {1969},
    journal = {Journal of the American Chemical Society},
    author = {Cabbiness, Dale K. and Margerum, Dale W.},
    number = {23},
    month = {11},
    pages = {6540--6541},
    volume = {91},
    doi = {10.1021/ja01051a091},
    issn = {0002-7863}
}
@article{Hancock1976FormationTetrakiscyanopalladate2-,
    title = {{Formation constant of tetrakis(cyano)palladate(2-)}},
    year = {1976},
    journal = {Inorganic Chemistry},
    author = {Hancock, R. D. and Evers, A.},
    number = {4},
    month = {4},
    pages = {995--996},
    volume = {15},
    doi = {10.1021/ic50158a063},
    issn = {0020-1669}
}